[
  {
    "date": "2025-10-29",
    "item_name": "Tacos al Pastor",
    "quantity": 42,
    "revenue": 545.58,
    "category": "Tacos"
  },
  {
    "date": "2025-10-29",
    "item_name": "Guacamole Premium",
    "quantity": 29,
    "revenue": 260.71,
    "category": "Appetizers"
  },
  {
    "date": "2025-10-29",
    "item_name": "Quesadilla de Queso",
    "quantity": 46,
    "revenue": 367.54,
    "category": "Quesadillas"
  },
  {
    "date": "2025-10-29",
    "item_name": "Arroz con Pollo",
    "quantity": 51,
    "revenue": 764.49,
    "category": "Main Courses"
  },
  {
    "date": "2025-10-29",
    "item_name": "Nachos Supreme",
    "quantity": 33,
    "revenue": 395.67,
    "category": "Appetizers"
  },
  {
    "date": "2025-10-29",
    "item_name": "Birria Tacos",
    "quantity": 7,
    "revenue": 111.93,
    "category": "Tacos"
  },
  {
    "date": "2025-10-29",
    "item_name": "Elote Callejero",
    "quantity": 13,
    "revenue": 77.87,
    "category": "Sides"
  },
  {
    "date": "2025-10-29",
    "item_name": "Ensalada Verde",
    "quantity": 6,
    "revenue": 41.94,
    "category": "Salads"
  },
  {
    "date": "2025-10-29",
    "item_name": "Sopa de Tortilla",
    "quantity": 10,
    "revenue": 59.9,
    "category": "Soups"
  },
  {
    "date": "2025-10-29",
    "item_name": "Flan",
    "quantity": 4,
    "revenue": 19.96,
    "category": "Desserts"
  },
  {
    "date": "2025-10-30",
    "item_name": "Tacos al Pastor",
    "quantity": 42,
    "revenue": 545.58,
    "category": "Tacos"
  },
  {
    "date": "2025-10-30",
    "item_name": "Guacamole Premium",
    "quantity": 26,
    "revenue": 233.74,
    "category": "Appetizers"
  },
  {
    "date": "2025-10-30",
    "item_name": "Quesadilla de Queso",
    "quantity": 59,
    "revenue": 471.41,
    "category": "Quesadillas"
  },
  {
    "date": "2025-10-30",
    "item_name": "Arroz con Pollo",
    "quantity": 32,
    "revenue": 479.68,
    "category": "Main Courses"
  },
  {
    "date": "2025-10-30",
    "item_name": "Nachos Supreme",
    "quantity": 27,
    "revenue": 323.73,
    "category": "Appetizers"
  },
  {
    "date": "2025-10-30",
    "item_name": "Birria Tacos",
    "quantity": 10,
    "revenue": 159.9,
    "category": "Tacos"
  },
  {
    "date": "2025-10-30",
    "item_name": "Elote Callejero",
    "quantity": 19,
    "revenue": 113.81,
    "category": "Sides"
  },
  {
    "date": "2025-10-30",
    "item_name": "Ensalada Verde",
    "quantity": 4,
    "revenue": 27.96,
    "category": "Salads"
  },
  {
    "date": "2025-10-30",
    "item_name": "Sopa de Tortilla",
    "quantity": 8,
    "revenue": 47.92,
    "category": "Soups"
  },
  {
    "date": "2025-10-30",
    "item_name": "Flan",
    "quantity": 4,
    "revenue": 19.96,
    "category": "Desserts"
  },
  {
    "date": "2025-10-31",
    "item_name": "Tacos al Pastor",
    "quantity": 38,
    "revenue": 493.62,
    "category": "Tacos"
  },
  {
    "date": "2025-10-31",
    "item_name": "Guacamole Premium",
    "quantity": 40,
    "revenue": 359.6,
    "category": "Appetizers"
  },
  {
    "date": "2025-10-31",
    "item_name": "Quesadilla de Queso",
    "quantity": 76,
    "revenue": 607.24,
    "category": "Quesadillas"
  },
  {
    "date": "2025-10-31",
    "item_name": "Arroz con Pollo",
    "quantity": 47,
    "revenue": 704.53,
    "category": "Main Courses"
  },
  {
    "date": "2025-10-31",
    "item_name": "Nachos Supreme",
    "quantity": 41,
    "revenue": 491.59,
    "category": "Appetizers"
  },
  {
    "date": "2025-10-31",
    "item_name": "Birria Tacos",
    "quantity": 13,
    "revenue": 207.87,
    "category": "Tacos"
  },
  {
    "date": "2025-10-31",
    "item_name": "Elote Callejero",
    "quantity": 14,
    "revenue": 83.86,
    "category": "Sides"
  },
  {
    "date": "2025-10-31",
    "item_name": "Ensalada Verde",
    "quantity": 6,
    "revenue": 41.94,
    "category": "Salads"
  },
  {
    "date": "2025-10-31",
    "item_name": "Sopa de Tortilla",
    "quantity": 10,
    "revenue": 59.9,
    "category": "Soups"
  },
  {
    "date": "2025-10-31",
    "item_name": "Flan",
    "quantity": 7,
    "revenue": 34.93,
    "category": "Desserts"
  },
  {
    "date": "2025-11-01",
    "item_name": "Tacos al Pastor",
    "quantity": 36,
    "revenue": 467.64,
    "category": "Tacos"
  },
  {
    "date": "2025-11-01",
    "item_name": "Guacamole Premium",
    "quantity": 32,
    "revenue": 287.68,
    "category": "Appetizers"
  },
  {
    "date": "2025-11-01",
    "item_name": "Quesadilla de Queso",
    "quantity": 54,
    "revenue": 431.46,
    "category": "Quesadillas"
  },
  {
    "date": "2025-11-01",
    "item_name": "Arroz con Pollo",
    "quantity": 48,
    "revenue": 719.52,
    "category": "Main Courses"
  },
  {
    "date": "2025-11-01",
    "item_name": "Nachos Supreme",
    "quantity": 36,
    "revenue": 431.64,
    "category": "Appetizers"
  },
  {
    "date": "2025-11-01",
    "item_name": "Birria Tacos",
    "quantity": 14,
    "revenue": 223.86,
    "category": "Tacos"
  },
  {
    "date": "2025-11-01",
    "item_name": "Elote Callejero",
    "quantity": 15,
    "revenue": 89.85,
    "category": "Sides"
  },
  {
    "date": "2025-11-01",
    "item_name": "Ensalada Verde",
    "quantity": 7,
    "revenue": 48.93,
    "category": "Salads"
  },
  {
    "date": "2025-11-01",
    "item_name": "Sopa de Tortilla",
    "quantity": 11,
    "revenue": 65.89,
    "category": "Soups"
  },
  {
    "date": "2025-11-01",
    "item_name": "Flan",
    "quantity": 9,
    "revenue": 44.91,
    "category": "Desserts"
  },
  {
    "date": "2025-11-02",
    "item_name": "Tacos al Pastor",
    "quantity": 51,
    "revenue": 662.49,
    "category": "Tacos"
  },
  {
    "date": "2025-11-02",
    "item_name": "Guacamole Premium",
    "quantity": 43,
    "revenue": 386.57,
    "category": "Appetizers"
  },
  {
    "date": "2025-11-02",
    "item_name": "Quesadilla de Queso",
    "quantity": 71,
    "revenue": 567.29,
    "category": "Quesadillas"
  },
  {
    "date": "2025-11-02",
    "item_name": "Arroz con Pollo",
    "quantity": 63,
    "revenue": 944.37,
    "category": "Main Courses"
  },
  {
    "date": "2025-11-02",
    "item_name": "Nachos Supreme",
    "quantity": 28,
    "revenue": 335.72,
    "category": "Appetizers"
  },
  {
    "date": "2025-11-02",
    "item_name": "Birria Tacos",
    "quantity": 9,
    "revenue": 143.91,
    "category": "Tacos"
  },
  {
    "date": "2025-11-02",
    "item_name": "Elote Callejero",
    "quantity": 23,
    "revenue": 137.77,
    "category": "Sides"
  },
  {
    "date": "2025-11-02",
    "item_name": "Ensalada Verde",
    "quantity": 7,
    "revenue": 48.93,
    "category": "Salads"
  },
  {
    "date": "2025-11-02",
    "item_name": "Sopa de Tortilla",
    "quantity": 12,
    "revenue": 71.88,
    "category": "Soups"
  },
  {
    "date": "2025-11-02",
    "item_name": "Flan",
    "quantity": 9,
    "revenue": 44.91,
    "category": "Desserts"
  },
  {
    "date": "2025-11-03",
    "item_name": "Tacos al Pastor",
    "quantity": 48,
    "revenue": 623.52,
    "category": "Tacos"
  },
  {
    "date": "2025-11-03",
    "item_name": "Guacamole Premium",
    "quantity": 22,
    "revenue": 197.78,
    "category": "Appetizers"
  },
  {
    "date": "2025-11-03",
    "item_name": "Quesadilla de Queso",
    "quantity": 60,
    "revenue": 479.4,
    "category": "Quesadillas"
  },
  {
    "date": "2025-11-03",
    "item_name": "Arroz con Pollo",
    "quantity": 47,
    "revenue": 704.53,
    "category": "Main Courses"
  },
  {
    "date": "2025-11-03",
    "item_name": "Nachos Supreme",
    "quantity": 23,
    "revenue": 275.77,
    "category": "Appetizers"
  },
  {
    "date": "2025-11-03",
    "item_name": "Birria Tacos",
    "quantity": 7,
    "revenue": 111.93,
    "category": "Tacos"
  },
  {
    "date": "2025-11-03",
    "item_name": "Elote Callejero",
    "quantity": 18,
    "revenue": 107.82,
    "category": "Sides"
  },
  {
    "date": "2025-11-03",
    "item_name": "Ensalada Verde",
    "quantity": 4,
    "revenue": 27.96,
    "category": "Salads"
  },
  {
    "date": "2025-11-03",
    "item_name": "Sopa de Tortilla",
    "quantity": 10,
    "revenue": 59.9,
    "category": "Soups"
  },
  {
    "date": "2025-11-03",
    "item_name": "Flan",
    "quantity": 4,
    "revenue": 19.96,
    "category": "Desserts"
  },
  {
    "date": "2025-11-04",
    "item_name": "Tacos al Pastor",
    "quantity": 27,
    "revenue": 350.73,
    "category": "Tacos"
  },
  {
    "date": "2025-11-04",
    "item_name": "Guacamole Premium",
    "quantity": 37,
    "revenue": 332.63,
    "category": "Appetizers"
  },
  {
    "date": "2025-11-04",
    "item_name": "Quesadilla de Queso",
    "quantity": 40,
    "revenue": 319.6,
    "category": "Quesadillas"
  },
  {
    "date": "2025-11-04",
    "item_name": "Arroz con Pollo",
    "quantity": 44,
    "revenue": 659.56,
    "category": "Main Courses"
  },
  {
    "date": "2025-11-04",
    "item_name": "Nachos Supreme",
    "quantity": 34,
    "revenue": 407.66,
    "category": "Appetizers"
  },
  {
    "date": "2025-11-04",
    "item_name": "Birria Tacos",
    "quantity": 8,
    "revenue": 127.92,
    "category": "Tacos"
  },
  {
    "date": "2025-11-04",
    "item_name": "Elote Callejero",
    "quantity": 17,
    "revenue": 101.83,
    "category": "Sides"
  },
  {
    "date": "2025-11-04",
    "item_name": "Ensalada Verde",
    "quantity": 6,
    "revenue": 41.94,
    "category": "Salads"
  },
  {
    "date": "2025-11-04",
    "item_name": "Sopa de Tortilla",
    "quantity": 6,
    "revenue": 35.94,
    "category": "Soups"
  },
  {
    "date": "2025-11-04",
    "item_name": "Flan",
    "quantity": 4,
    "revenue": 19.96,
    "category": "Desserts"
  },
  {
    "date": "2025-11-05",
    "item_name": "Tacos al Pastor",
    "quantity": 29,
    "revenue": 376.71,
    "category": "Tacos"
  },
  {
    "date": "2025-11-05",
    "item_name": "Guacamole Premium",
    "quantity": 26,
    "revenue": 233.74,
    "category": "Appetizers"
  },
  {
    "date": "2025-11-05",
    "item_name": "Quesadilla de Queso",
    "quantity": 57,
    "revenue": 455.43,
    "category": "Quesadillas"
  },
  {
    "date": "2025-11-05",
    "item_name": "Arroz con Pollo",
    "quantity": 44,
    "revenue": 659.56,
    "category": "Main Courses"
  },
  {
    "date": "2025-11-05",
    "item_name": "Nachos Supreme",
    "quantity": 33,
    "revenue": 395.67,
    "category": "Appetizers"
  },
  {
    "date": "2025-11-05",
    "item_name": "Birria Tacos",
    "quantity": 9,
    "revenue": 143.91,
    "category": "Tacos"
  },
  {
    "date": "2025-11-05",
    "item_name": "Elote Callejero",
    "quantity": 13,
    "revenue": 77.87,
    "category": "Sides"
  },
  {
    "date": "2025-11-05",
    "item_name": "Ensalada Verde",
    "quantity": 5,
    "revenue": 34.95,
    "category": "Salads"
  },
  {
    "date": "2025-11-05",
    "item_name": "Sopa de Tortilla",
    "quantity": 8,
    "revenue": 47.92,
    "category": "Soups"
  },
  {
    "date": "2025-11-05",
    "item_name": "Flan",
    "quantity": 4,
    "revenue": 19.96,
    "category": "Desserts"
  },
  {
    "date": "2025-11-06",
    "item_name": "Tacos al Pastor",
    "quantity": 39,
    "revenue": 506.61,
    "category": "Tacos"
  },
  {
    "date": "2025-11-06",
    "item_name": "Guacamole Premium",
    "quantity": 29,
    "revenue": 260.71,
    "category": "Appetizers"
  },
  {
    "date": "2025-11-06",
    "item_name": "Quesadilla de Queso",
    "quantity": 38,
    "revenue": 303.62,
    "category": "Quesadillas"
  },
  {
    "date": "2025-11-06",
    "item_name": "Arroz con Pollo",
    "quantity": 28,
    "revenue": 419.72,
    "category": "Main Courses"
  },
  {
    "date": "2025-11-06",
    "item_name": "Nachos Supreme",
    "quantity": 24,
    "revenue": 287.76,
    "category": "Appetizers"
  },
  {
    "date": "2025-11-06",
    "item_name": "Birria Tacos",
    "quantity": 11,
    "revenue": 175.89,
    "category": "Tacos"
  },
  {
    "date": "2025-11-06",
    "item_name": "Elote Callejero",
    "quantity": 15,
    "revenue": 89.85,
    "category": "Sides"
  },
  {
    "date": "2025-11-06",
    "item_name": "Ensalada Verde",
    "quantity": 6,
    "revenue": 41.94,
    "category": "Salads"
  },
  {
    "date": "2025-11-06",
    "item_name": "Sopa de Tortilla",
    "quantity": 8,
    "revenue": 47.92,
    "category": "Soups"
  },
  {
    "date": "2025-11-06",
    "item_name": "Flan",
    "quantity": 7,
    "revenue": 34.93,
    "category": "Desserts"
  },
  {
    "date": "2025-11-07",
    "item_name": "Tacos al Pastor",
    "quantity": 58,
    "revenue": 753.42,
    "category": "Tacos"
  },
  {
    "date": "2025-11-07",
    "item_name": "Guacamole Premium",
    "quantity": 37,
    "revenue": 332.63,
    "category": "Appetizers"
  },
  {
    "date": "2025-11-07",
    "item_name": "Quesadilla de Queso",
    "quantity": 50,
    "revenue": 399.5,
    "category": "Quesadillas"
  },
  {
    "date": "2025-11-07",
    "item_name": "Arroz con Pollo",
    "quantity": 54,
    "revenue": 809.46,
    "category": "Main Courses"
  },
  {
    "date": "2025-11-07",
    "item_name": "Nachos Supreme",
    "quantity": 25,
    "revenue": 299.75,
    "category": "Appetizers"
  },
  {
    "date": "2025-11-07",
    "item_name": "Birria Tacos",
    "quantity": 11,
    "revenue": 175.89,
    "category": "Tacos"
  },
  {
    "date": "2025-11-07",
    "item_name": "Elote Callejero",
    "quantity": 18,
    "revenue": 107.82,
    "category": "Sides"
  },
  {
    "date": "2025-11-07",
    "item_name": "Ensalada Verde",
    "quantity": 7,
    "revenue": 48.93,
    "category": "Salads"
  },
  {
    "date": "2025-11-07",
    "item_name": "Sopa de Tortilla",
    "quantity": 8,
    "revenue": 47.92,
    "category": "Soups"
  },
  {
    "date": "2025-11-07",
    "item_name": "Flan",
    "quantity": 9,
    "revenue": 44.91,
    "category": "Desserts"
  },
  {
    "date": "2025-11-08",
    "item_name": "Tacos al Pastor",
    "quantity": 56,
    "revenue": 727.44,
    "category": "Tacos"
  },
  {
    "date": "2025-11-08",
    "item_name": "Guacamole Premium",
    "quantity": 40,
    "revenue": 359.6,
    "category": "Appetizers"
  },
  {
    "date": "2025-11-08",
    "item_name": "Quesadilla de Queso",
    "quantity": 73,
    "revenue": 583.27,
    "category": "Quesadillas"
  },
  {
    "date": "2025-11-08",
    "item_name": "Arroz con Pollo",
    "quantity": 53,
    "revenue": 794.47,
    "category": "Main Courses"
  },
  {
    "date": "2025-11-08",
    "item_name": "Nachos Supreme",
    "quantity": 32,
    "revenue": 383.68,
    "category": "Appetizers"
  },
  {
    "date": "2025-11-08",
    "item_name": "Birria Tacos",
    "quantity": 11,
    "revenue": 175.89,
    "category": "Tacos"
  },
  {
    "date": "2025-11-08",
    "item_name": "Elote Callejero",
    "quantity": 24,
    "revenue": 143.76,
    "category": "Sides"
  },
  {
    "date": "2025-11-08",
    "item_name": "Ensalada Verde",
    "quantity": 5,
    "revenue": 34.95,
    "category": "Salads"
  },
  {
    "date": "2025-11-08",
    "item_name": "Sopa de Tortilla",
    "quantity": 8,
    "revenue": 47.92,
    "category": "Soups"
  },
  {
    "date": "2025-11-08",
    "item_name": "Flan",
    "quantity": 7,
    "revenue": 34.93,
    "category": "Desserts"
  },
  {
    "date": "2025-11-09",
    "item_name": "Tacos al Pastor",
    "quantity": 37,
    "revenue": 480.63,
    "category": "Tacos"
  },
  {
    "date": "2025-11-09",
    "item_name": "Guacamole Premium",
    "quantity": 29,
    "revenue": 260.71,
    "category": "Appetizers"
  },
  {
    "date": "2025-11-09",
    "item_name": "Quesadilla de Queso",
    "quantity": 61,
    "revenue": 487.39,
    "category": "Quesadillas"
  },
  {
    "date": "2025-11-09",
    "item_name": "Arroz con Pollo",
    "quantity": 47,
    "revenue": 704.53,
    "category": "Main Courses"
  },
  {
    "date": "2025-11-09",
    "item_name": "Nachos Supreme",
    "quantity": 34,
    "revenue": 407.66,
    "category": "Appetizers"
  },
  {
    "date": "2025-11-09",
    "item_name": "Birria Tacos",
    "quantity": 12,
    "revenue": 191.88,
    "category": "Tacos"
  },
  {
    "date": "2025-11-09",
    "item_name": "Elote Callejero",
    "quantity": 21,
    "revenue": 125.79,
    "category": "Sides"
  },
  {
    "date": "2025-11-09",
    "item_name": "Ensalada Verde",
    "quantity": 7,
    "revenue": 48.93,
    "category": "Salads"
  },
  {
    "date": "2025-11-09",
    "item_name": "Sopa de Tortilla",
    "quantity": 13,
    "revenue": 77.87,
    "category": "Soups"
  },
  {
    "date": "2025-11-09",
    "item_name": "Flan",
    "quantity": 9,
    "revenue": 44.91,
    "category": "Desserts"
  },
  {
    "date": "2025-11-10",
    "item_name": "Tacos al Pastor",
    "quantity": 28,
    "revenue": 363.72,
    "category": "Tacos"
  },
  {
    "date": "2025-11-10",
    "item_name": "Guacamole Premium",
    "quantity": 30,
    "revenue": 269.7,
    "category": "Appetizers"
  },
  {
    "date": "2025-11-10",
    "item_name": "Quesadilla de Queso",
    "quantity": 54,
    "revenue": 431.46,
    "category": "Quesadillas"
  },
  {
    "date": "2025-11-10",
    "item_name": "Arroz con Pollo",
    "quantity": 43,
    "revenue": 644.57,
    "category": "Main Courses"
  },
  {
    "date": "2025-11-10",
    "item_name": "Nachos Supreme",
    "quantity": 21,
    "revenue": 251.79,
    "category": "Appetizers"
  },
  {
    "date": "2025-11-10",
    "item_name": "Birria Tacos",
    "quantity": 9,
    "revenue": 143.91,
    "category": "Tacos"
  },
  {
    "date": "2025-11-10",
    "item_name": "Elote Callejero",
    "quantity": 19,
    "revenue": 113.81,
    "category": "Sides"
  },
  {
    "date": "2025-11-10",
    "item_name": "Ensalada Verde",
    "quantity": 7,
    "revenue": 48.93,
    "category": "Salads"
  },
  {
    "date": "2025-11-10",
    "item_name": "Sopa de Tortilla",
    "quantity": 7,
    "revenue": 41.93,
    "category": "Soups"
  },
  {
    "date": "2025-11-10",
    "item_name": "Flan",
    "quantity": 4,
    "revenue": 19.96,
    "category": "Desserts"
  },
  {
    "date": "2025-11-11",
    "item_name": "Tacos al Pastor",
    "quantity": 35,
    "revenue": 454.65,
    "category": "Tacos"
  },
  {
    "date": "2025-11-11",
    "item_name": "Guacamole Premium",
    "quantity": 29,
    "revenue": 260.71,
    "category": "Appetizers"
  },
  {
    "date": "2025-11-11",
    "item_name": "Quesadilla de Queso",
    "quantity": 43,
    "revenue": 343.57,
    "category": "Quesadillas"
  },
  {
    "date": "2025-11-11",
    "item_name": "Arroz con Pollo",
    "quantity": 35,
    "revenue": 524.65,
    "category": "Main Courses"
  },
  {
    "date": "2025-11-11",
    "item_name": "Nachos Supreme",
    "quantity": 30,
    "revenue": 359.7,
    "category": "Appetizers"
  },
  {
    "date": "2025-11-11",
    "item_name": "Birria Tacos",
    "quantity": 11,
    "revenue": 175.89,
    "category": "Tacos"
  },
  {
    "date": "2025-11-11",
    "item_name": "Elote Callejero",
    "quantity": 18,
    "revenue": 107.82,
    "category": "Sides"
  },
  {
    "date": "2025-11-11",
    "item_name": "Ensalada Verde",
    "quantity": 4,
    "revenue": 27.96,
    "category": "Salads"
  },
  {
    "date": "2025-11-11",
    "item_name": "Sopa de Tortilla",
    "quantity": 6,
    "revenue": 35.94,
    "category": "Soups"
  },
  {
    "date": "2025-11-11",
    "item_name": "Flan",
    "quantity": 6,
    "revenue": 29.94,
    "category": "Desserts"
  },
  {
    "date": "2025-11-12",
    "item_name": "Tacos al Pastor",
    "quantity": 47,
    "revenue": 610.53,
    "category": "Tacos"
  },
  {
    "date": "2025-11-12",
    "item_name": "Guacamole Premium",
    "quantity": 36,
    "revenue": 323.64,
    "category": "Appetizers"
  },
  {
    "date": "2025-11-12",
    "item_name": "Quesadilla de Queso",
    "quantity": 60,
    "revenue": 479.4,
    "category": "Quesadillas"
  },
  {
    "date": "2025-11-12",
    "item_name": "Arroz con Pollo",
    "quantity": 29,
    "revenue": 434.71,
    "category": "Main Courses"
  },
  {
    "date": "2025-11-12",
    "item_name": "Nachos Supreme",
    "quantity": 19,
    "revenue": 227.81,
    "category": "Appetizers"
  },
  {
    "date": "2025-11-12",
    "item_name": "Birria Tacos",
    "quantity": 9,
    "revenue": 143.91,
    "category": "Tacos"
  },
  {
    "date": "2025-11-12",
    "item_name": "Elote Callejero",
    "quantity": 15,
    "revenue": 89.85,
    "category": "Sides"
  },
  {
    "date": "2025-11-12",
    "item_name": "Ensalada Verde",
    "quantity": 6,
    "revenue": 41.94,
    "category": "Salads"
  },
  {
    "date": "2025-11-12",
    "item_name": "Sopa de Tortilla",
    "quantity": 10,
    "revenue": 59.9,
    "category": "Soups"
  },
  {
    "date": "2025-11-12",
    "item_name": "Flan",
    "quantity": 4,
    "revenue": 19.96,
    "category": "Desserts"
  },
  {
    "date": "2025-11-13",
    "item_name": "Tacos al Pastor",
    "quantity": 37,
    "revenue": 480.63,
    "category": "Tacos"
  },
  {
    "date": "2025-11-13",
    "item_name": "Guacamole Premium",
    "quantity": 36,
    "revenue": 323.64,
    "category": "Appetizers"
  },
  {
    "date": "2025-11-13",
    "item_name": "Quesadilla de Queso",
    "quantity": 43,
    "revenue": 343.57,
    "category": "Quesadillas"
  },
  {
    "date": "2025-11-13",
    "item_name": "Arroz con Pollo",
    "quantity": 49,
    "revenue": 734.51,
    "category": "Main Courses"
  },
  {
    "date": "2025-11-13",
    "item_name": "Nachos Supreme",
    "quantity": 19,
    "revenue": 227.81,
    "category": "Appetizers"
  },
  {
    "date": "2025-11-13",
    "item_name": "Birria Tacos",
    "quantity": 9,
    "revenue": 143.91,
    "category": "Tacos"
  },
  {
    "date": "2025-11-13",
    "item_name": "Elote Callejero",
    "quantity": 11,
    "revenue": 65.89,
    "category": "Sides"
  },
  {
    "date": "2025-11-13",
    "item_name": "Ensalada Verde",
    "quantity": 7,
    "revenue": 48.93,
    "category": "Salads"
  },
  {
    "date": "2025-11-13",
    "item_name": "Sopa de Tortilla",
    "quantity": 8,
    "revenue": 47.92,
    "category": "Soups"
  },
  {
    "date": "2025-11-13",
    "item_name": "Flan",
    "quantity": 6,
    "revenue": 29.94,
    "category": "Desserts"
  },
  {
    "date": "2025-11-14",
    "item_name": "Tacos al Pastor",
    "quantity": 49,
    "revenue": 636.51,
    "category": "Tacos"
  },
  {
    "date": "2025-11-14",
    "item_name": "Guacamole Premium",
    "quantity": 47,
    "revenue": 422.53,
    "category": "Appetizers"
  },
  {
    "date": "2025-11-14",
    "item_name": "Quesadilla de Queso",
    "quantity": 52,
    "revenue": 415.48,
    "category": "Quesadillas"
  },
  {
    "date": "2025-11-14",
    "item_name": "Arroz con Pollo",
    "quantity": 40,
    "revenue": 599.6,
    "category": "Main Courses"
  },
  {
    "date": "2025-11-14",
    "item_name": "Nachos Supreme",
    "quantity": 24,
    "revenue": 287.76,
    "category": "Appetizers"
  },
  {
    "date": "2025-11-14",
    "item_name": "Birria Tacos",
    "quantity": 12,
    "revenue": 191.88,
    "category": "Tacos"
  },
  {
    "date": "2025-11-14",
    "item_name": "Elote Callejero",
    "quantity": 26,
    "revenue": 155.74,
    "category": "Sides"
  },
  {
    "date": "2025-11-14",
    "item_name": "Ensalada Verde",
    "quantity": 7,
    "revenue": 48.93,
    "category": "Salads"
  },
  {
    "date": "2025-11-14",
    "item_name": "Sopa de Tortilla",
    "quantity": 10,
    "revenue": 59.9,
    "category": "Soups"
  },
  {
    "date": "2025-11-14",
    "item_name": "Flan",
    "quantity": 7,
    "revenue": 34.93,
    "category": "Desserts"
  },
  {
    "date": "2025-11-15",
    "item_name": "Tacos al Pastor",
    "quantity": 62,
    "revenue": 805.38,
    "category": "Tacos"
  },
  {
    "date": "2025-11-15",
    "item_name": "Guacamole Premium",
    "quantity": 28,
    "revenue": 251.72,
    "category": "Appetizers"
  },
  {
    "date": "2025-11-15",
    "item_name": "Quesadilla de Queso",
    "quantity": 64,
    "revenue": 511.36,
    "category": "Quesadillas"
  },
  {
    "date": "2025-11-15",
    "item_name": "Arroz con Pollo",
    "quantity": 64,
    "revenue": 959.36,
    "category": "Main Courses"
  },
  {
    "date": "2025-11-15",
    "item_name": "Nachos Supreme",
    "quantity": 40,
    "revenue": 479.6,
    "category": "Appetizers"
  },
  {
    "date": "2025-11-15",
    "item_name": "Birria Tacos",
    "quantity": 11,
    "revenue": 175.89,
    "category": "Tacos"
  },
  {
    "date": "2025-11-15",
    "item_name": "Elote Callejero",
    "quantity": 14,
    "revenue": 83.86,
    "category": "Sides"
  },
  {
    "date": "2025-11-15",
    "item_name": "Ensalada Verde",
    "quantity": 6,
    "revenue": 41.94,
    "category": "Salads"
  },
  {
    "date": "2025-11-15",
    "item_name": "Sopa de Tortilla",
    "quantity": 14,
    "revenue": 83.86,
    "category": "Soups"
  },
  {
    "date": "2025-11-15",
    "item_name": "Flan",
    "quantity": 8,
    "revenue": 39.92,
    "category": "Desserts"
  },
  {
    "date": "2025-11-16",
    "item_name": "Tacos al Pastor",
    "quantity": 54,
    "revenue": 701.46,
    "category": "Tacos"
  },
  {
    "date": "2025-11-16",
    "item_name": "Guacamole Premium",
    "quantity": 30,
    "revenue": 269.7,
    "category": "Appetizers"
  },
  {
    "date": "2025-11-16",
    "item_name": "Quesadilla de Queso",
    "quantity": 78,
    "revenue": 623.22,
    "category": "Quesadillas"
  },
  {
    "date": "2025-11-16",
    "item_name": "Arroz con Pollo",
    "quantity": 43,
    "revenue": 644.57,
    "category": "Main Courses"
  },
  {
    "date": "2025-11-16",
    "item_name": "Nachos Supreme",
    "quantity": 33,
    "revenue": 395.67,
    "category": "Appetizers"
  },
  {
    "date": "2025-11-16",
    "item_name": "Birria Tacos",
    "quantity": 10,
    "revenue": 159.9,
    "category": "Tacos"
  },
  {
    "date": "2025-11-16",
    "item_name": "Elote Callejero",
    "quantity": 24,
    "revenue": 143.76,
    "category": "Sides"
  },
  {
    "date": "2025-11-16",
    "item_name": "Ensalada Verde",
    "quantity": 5,
    "revenue": 34.95,
    "category": "Salads"
  },
  {
    "date": "2025-11-16",
    "item_name": "Sopa de Tortilla",
    "quantity": 10,
    "revenue": 59.9,
    "category": "Soups"
  },
  {
    "date": "2025-11-16",
    "item_name": "Flan",
    "quantity": 8,
    "revenue": 39.92,
    "category": "Desserts"
  },
  {
    "date": "2025-11-17",
    "item_name": "Tacos al Pastor",
    "quantity": 37,
    "revenue": 480.63,
    "category": "Tacos"
  },
  {
    "date": "2025-11-17",
    "item_name": "Guacamole Premium",
    "quantity": 23,
    "revenue": 206.77,
    "category": "Appetizers"
  },
  {
    "date": "2025-11-17",
    "item_name": "Quesadilla de Queso",
    "quantity": 46,
    "revenue": 367.54,
    "category": "Quesadillas"
  },
  {
    "date": "2025-11-17",
    "item_name": "Arroz con Pollo",
    "quantity": 35,
    "revenue": 524.65,
    "category": "Main Courses"
  },
  {
    "date": "2025-11-17",
    "item_name": "Nachos Supreme",
    "quantity": 25,
    "revenue": 299.75,
    "category": "Appetizers"
  },
  {
    "date": "2025-11-17",
    "item_name": "Birria Tacos",
    "quantity": 7,
    "revenue": 111.93,
    "category": "Tacos"
  },
  {
    "date": "2025-11-17",
    "item_name": "Elote Callejero",
    "quantity": 16,
    "revenue": 95.84,
    "category": "Sides"
  },
  {
    "date": "2025-11-17",
    "item_name": "Ensalada Verde",
    "quantity": 5,
    "revenue": 34.95,
    "category": "Salads"
  },
  {
    "date": "2025-11-17",
    "item_name": "Sopa de Tortilla",
    "quantity": 8,
    "revenue": 47.92,
    "category": "Soups"
  },
  {
    "date": "2025-11-17",
    "item_name": "Flan",
    "quantity": 6,
    "revenue": 29.94,
    "category": "Desserts"
  },
  {
    "date": "2025-11-18",
    "item_name": "Tacos al Pastor",
    "quantity": 35,
    "revenue": 454.65,
    "category": "Tacos"
  },
  {
    "date": "2025-11-18",
    "item_name": "Guacamole Premium",
    "quantity": 37,
    "revenue": 332.63,
    "category": "Appetizers"
  },
  {
    "date": "2025-11-18",
    "item_name": "Quesadilla de Queso",
    "quantity": 48,
    "revenue": 383.52,
    "category": "Quesadillas"
  },
  {
    "date": "2025-11-18",
    "item_name": "Arroz con Pollo",
    "quantity": 42,
    "revenue": 629.58,
    "category": "Main Courses"
  },
  {
    "date": "2025-11-18",
    "item_name": "Nachos Supreme",
    "quantity": 23,
    "revenue": 275.77,
    "category": "Appetizers"
  },
  {
    "date": "2025-11-18",
    "item_name": "Birria Tacos",
    "quantity": 11,
    "revenue": 175.89,
    "category": "Tacos"
  },
  {
    "date": "2025-11-18",
    "item_name": "Elote Callejero",
    "quantity": 12,
    "revenue": 71.88,
    "category": "Sides"
  },
  {
    "date": "2025-11-18",
    "item_name": "Ensalada Verde",
    "quantity": 5,
    "revenue": 34.95,
    "category": "Salads"
  },
  {
    "date": "2025-11-18",
    "item_name": "Sopa de Tortilla",
    "quantity": 6,
    "revenue": 35.94,
    "category": "Soups"
  },
  {
    "date": "2025-11-18",
    "item_name": "Flan",
    "quantity": 6,
    "revenue": 29.94,
    "category": "Desserts"
  },
  {
    "date": "2025-11-19",
    "item_name": "Tacos al Pastor",
    "quantity": 48,
    "revenue": 623.52,
    "category": "Tacos"
  },
  {
    "date": "2025-11-19",
    "item_name": "Guacamole Premium",
    "quantity": 24,
    "revenue": 215.76,
    "category": "Appetizers"
  },
  {
    "date": "2025-11-19",
    "item_name": "Quesadilla de Queso",
    "quantity": 42,
    "revenue": 335.58,
    "category": "Quesadillas"
  },
  {
    "date": "2025-11-19",
    "item_name": "Arroz con Pollo",
    "quantity": 46,
    "revenue": 689.54,
    "category": "Main Courses"
  },
  {
    "date": "2025-11-19",
    "item_name": "Nachos Supreme",
    "quantity": 22,
    "revenue": 263.78,
    "category": "Appetizers"
  },
  {
    "date": "2025-11-19",
    "item_name": "Birria Tacos",
    "quantity": 9,
    "revenue": 143.91,
    "category": "Tacos"
  },
  {
    "date": "2025-11-19",
    "item_name": "Elote Callejero",
    "quantity": 18,
    "revenue": 107.82,
    "category": "Sides"
  },
  {
    "date": "2025-11-19",
    "item_name": "Ensalada Verde",
    "quantity": 6,
    "revenue": 41.94,
    "category": "Salads"
  },
  {
    "date": "2025-11-19",
    "item_name": "Sopa de Tortilla",
    "quantity": 9,
    "revenue": 53.91,
    "category": "Soups"
  },
  {
    "date": "2025-11-19",
    "item_name": "Flan",
    "quantity": 7,
    "revenue": 34.93,
    "category": "Desserts"
  },
  {
    "date": "2025-11-20",
    "item_name": "Tacos al Pastor",
    "quantity": 34,
    "revenue": 441.66,
    "category": "Tacos"
  },
  {
    "date": "2025-11-20",
    "item_name": "Guacamole Premium",
    "quantity": 36,
    "revenue": 323.64,
    "category": "Appetizers"
  },
  {
    "date": "2025-11-20",
    "item_name": "Quesadilla de Queso",
    "quantity": 50,
    "revenue": 399.5,
    "category": "Quesadillas"
  },
  {
    "date": "2025-11-20",
    "item_name": "Arroz con Pollo",
    "quantity": 47,
    "revenue": 704.53,
    "category": "Main Courses"
  },
  {
    "date": "2025-11-20",
    "item_name": "Nachos Supreme",
    "quantity": 23,
    "revenue": 275.77,
    "category": "Appetizers"
  },
  {
    "date": "2025-11-20",
    "item_name": "Birria Tacos",
    "quantity": 12,
    "revenue": 191.88,
    "category": "Tacos"
  },
  {
    "date": "2025-11-20",
    "item_name": "Elote Callejero",
    "quantity": 11,
    "revenue": 65.89,
    "category": "Sides"
  },
  {
    "date": "2025-11-20",
    "item_name": "Ensalada Verde",
    "quantity": 5,
    "revenue": 34.95,
    "category": "Salads"
  },
  {
    "date": "2025-11-20",
    "item_name": "Sopa de Tortilla",
    "quantity": 7,
    "revenue": 41.93,
    "category": "Soups"
  },
  {
    "date": "2025-11-20",
    "item_name": "Flan",
    "quantity": 7,
    "revenue": 34.93,
    "category": "Desserts"
  },
  {
    "date": "2025-11-21",
    "item_name": "Tacos al Pastor",
    "quantity": 47,
    "revenue": 610.53,
    "category": "Tacos"
  },
  {
    "date": "2025-11-21",
    "item_name": "Guacamole Premium",
    "quantity": 28,
    "revenue": 251.72,
    "category": "Appetizers"
  },
  {
    "date": "2025-11-21",
    "item_name": "Quesadilla de Queso",
    "quantity": 60,
    "revenue": 479.4,
    "category": "Quesadillas"
  },
  {
    "date": "2025-11-21",
    "item_name": "Arroz con Pollo",
    "quantity": 55,
    "revenue": 824.45,
    "category": "Main Courses"
  },
  {
    "date": "2025-11-21",
    "item_name": "Nachos Supreme",
    "quantity": 43,
    "revenue": 515.57,
    "category": "Appetizers"
  },
  {
    "date": "2025-11-21",
    "item_name": "Birria Tacos",
    "quantity": 8,
    "revenue": 127.92,
    "category": "Tacos"
  },
  {
    "date": "2025-11-21",
    "item_name": "Elote Callejero",
    "quantity": 23,
    "revenue": 137.77,
    "category": "Sides"
  },
  {
    "date": "2025-11-21",
    "item_name": "Ensalada Verde",
    "quantity": 5,
    "revenue": 34.95,
    "category": "Salads"
  },
  {
    "date": "2025-11-21",
    "item_name": "Sopa de Tortilla",
    "quantity": 9,
    "revenue": 53.91,
    "category": "Soups"
  },
  {
    "date": "2025-11-21",
    "item_name": "Flan",
    "quantity": 7,
    "revenue": 34.93,
    "category": "Desserts"
  },
  {
    "date": "2025-11-22",
    "item_name": "Tacos al Pastor",
    "quantity": 50,
    "revenue": 649.5,
    "category": "Tacos"
  },
  {
    "date": "2025-11-22",
    "item_name": "Guacamole Premium",
    "quantity": 29,
    "revenue": 260.71,
    "category": "Appetizers"
  },
  {
    "date": "2025-11-22",
    "item_name": "Quesadilla de Queso",
    "quantity": 59,
    "revenue": 471.41,
    "category": "Quesadillas"
  },
  {
    "date": "2025-11-22",
    "item_name": "Arroz con Pollo",
    "quantity": 59,
    "revenue": 884.41,
    "category": "Main Courses"
  },
  {
    "date": "2025-11-22",
    "item_name": "Nachos Supreme",
    "quantity": 43,
    "revenue": 515.57,
    "category": "Appetizers"
  },
  {
    "date": "2025-11-22",
    "item_name": "Birria Tacos",
    "quantity": 13,
    "revenue": 207.87,
    "category": "Tacos"
  },
  {
    "date": "2025-11-22",
    "item_name": "Elote Callejero",
    "quantity": 20,
    "revenue": 119.8,
    "category": "Sides"
  },
  {
    "date": "2025-11-22",
    "item_name": "Ensalada Verde",
    "quantity": 7,
    "revenue": 48.93,
    "category": "Salads"
  },
  {
    "date": "2025-11-22",
    "item_name": "Sopa de Tortilla",
    "quantity": 13,
    "revenue": 77.87,
    "category": "Soups"
  },
  {
    "date": "2025-11-22",
    "item_name": "Flan",
    "quantity": 8,
    "revenue": 39.92,
    "category": "Desserts"
  },
  {
    "date": "2025-11-23",
    "item_name": "Tacos al Pastor",
    "quantity": 51,
    "revenue": 662.49,
    "category": "Tacos"
  },
  {
    "date": "2025-11-23",
    "item_name": "Guacamole Premium",
    "quantity": 49,
    "revenue": 440.51,
    "category": "Appetizers"
  },
  {
    "date": "2025-11-23",
    "item_name": "Quesadilla de Queso",
    "quantity": 52,
    "revenue": 415.48,
    "category": "Quesadillas"
  },
  {
    "date": "2025-11-23",
    "item_name": "Arroz con Pollo",
    "quantity": 57,
    "revenue": 854.43,
    "category": "Main Courses"
  },
  {
    "date": "2025-11-23",
    "item_name": "Nachos Supreme",
    "quantity": 30,
    "revenue": 359.7,
    "category": "Appetizers"
  },
  {
    "date": "2025-11-23",
    "item_name": "Birria Tacos",
    "quantity": 14,
    "revenue": 223.86,
    "category": "Tacos"
  },
  {
    "date": "2025-11-23",
    "item_name": "Elote Callejero",
    "quantity": 16,
    "revenue": 95.84,
    "category": "Sides"
  },
  {
    "date": "2025-11-23",
    "item_name": "Ensalada Verde",
    "quantity": 6,
    "revenue": 41.94,
    "category": "Salads"
  },
  {
    "date": "2025-11-23",
    "item_name": "Sopa de Tortilla",
    "quantity": 9,
    "revenue": 53.91,
    "category": "Soups"
  },
  {
    "date": "2025-11-23",
    "item_name": "Flan",
    "quantity": 8,
    "revenue": 39.92,
    "category": "Desserts"
  },
  {
    "date": "2025-11-24",
    "item_name": "Tacos al Pastor",
    "quantity": 30,
    "revenue": 389.7,
    "category": "Tacos"
  },
  {
    "date": "2025-11-24",
    "item_name": "Guacamole Premium",
    "quantity": 27,
    "revenue": 242.73,
    "category": "Appetizers"
  },
  {
    "date": "2025-11-24",
    "item_name": "Quesadilla de Queso",
    "quantity": 60,
    "revenue": 479.4,
    "category": "Quesadillas"
  },
  {
    "date": "2025-11-24",
    "item_name": "Arroz con Pollo",
    "quantity": 49,
    "revenue": 734.51,
    "category": "Main Courses"
  },
  {
    "date": "2025-11-24",
    "item_name": "Nachos Supreme",
    "quantity": 30,
    "revenue": 359.7,
    "category": "Appetizers"
  },
  {
    "date": "2025-11-24",
    "item_name": "Birria Tacos",
    "quantity": 10,
    "revenue": 159.9,
    "category": "Tacos"
  },
  {
    "date": "2025-11-24",
    "item_name": "Elote Callejero",
    "quantity": 15,
    "revenue": 89.85,
    "category": "Sides"
  },
  {
    "date": "2025-11-24",
    "item_name": "Ensalada Verde",
    "quantity": 5,
    "revenue": 34.95,
    "category": "Salads"
  },
  {
    "date": "2025-11-24",
    "item_name": "Sopa de Tortilla",
    "quantity": 7,
    "revenue": 41.93,
    "category": "Soups"
  },
  {
    "date": "2025-11-24",
    "item_name": "Flan",
    "quantity": 7,
    "revenue": 34.93,
    "category": "Desserts"
  },
  {
    "date": "2025-11-25",
    "item_name": "Tacos al Pastor",
    "quantity": 29,
    "revenue": 376.71,
    "category": "Tacos"
  },
  {
    "date": "2025-11-25",
    "item_name": "Guacamole Premium",
    "quantity": 39,
    "revenue": 350.61,
    "category": "Appetizers"
  },
  {
    "date": "2025-11-25",
    "item_name": "Quesadilla de Queso",
    "quantity": 60,
    "revenue": 479.4,
    "category": "Quesadillas"
  },
  {
    "date": "2025-11-25",
    "item_name": "Arroz con Pollo",
    "quantity": 48,
    "revenue": 719.52,
    "category": "Main Courses"
  },
  {
    "date": "2025-11-25",
    "item_name": "Nachos Supreme",
    "quantity": 24,
    "revenue": 287.76,
    "category": "Appetizers"
  },
  {
    "date": "2025-11-25",
    "item_name": "Birria Tacos",
    "quantity": 11,
    "revenue": 175.89,
    "category": "Tacos"
  },
  {
    "date": "2025-11-25",
    "item_name": "Elote Callejero",
    "quantity": 19,
    "revenue": 113.81,
    "category": "Sides"
  },
  {
    "date": "2025-11-25",
    "item_name": "Ensalada Verde",
    "quantity": 4,
    "revenue": 27.96,
    "category": "Salads"
  },
  {
    "date": "2025-11-25",
    "item_name": "Sopa de Tortilla",
    "quantity": 6,
    "revenue": 35.94,
    "category": "Soups"
  },
  {
    "date": "2025-11-25",
    "item_name": "Flan",
    "quantity": 4,
    "revenue": 19.96,
    "category": "Desserts"
  },
  {
    "date": "2025-11-26",
    "item_name": "Tacos al Pastor",
    "quantity": 28,
    "revenue": 363.72,
    "category": "Tacos"
  },
  {
    "date": "2025-11-26",
    "item_name": "Guacamole Premium",
    "quantity": 33,
    "revenue": 296.67,
    "category": "Appetizers"
  },
  {
    "date": "2025-11-26",
    "item_name": "Quesadilla de Queso",
    "quantity": 46,
    "revenue": 367.54,
    "category": "Quesadillas"
  },
  {
    "date": "2025-11-26",
    "item_name": "Arroz con Pollo",
    "quantity": 51,
    "revenue": 764.49,
    "category": "Main Courses"
  },
  {
    "date": "2025-11-26",
    "item_name": "Nachos Supreme",
    "quantity": 20,
    "revenue": 239.8,
    "category": "Appetizers"
  },
  {
    "date": "2025-11-26",
    "item_name": "Birria Tacos",
    "quantity": 7,
    "revenue": 111.93,
    "category": "Tacos"
  },
  {
    "date": "2025-11-26",
    "item_name": "Elote Callejero",
    "quantity": 12,
    "revenue": 71.88,
    "category": "Sides"
  },
  {
    "date": "2025-11-26",
    "item_name": "Ensalada Verde",
    "quantity": 6,
    "revenue": 41.94,
    "category": "Salads"
  },
  {
    "date": "2025-11-26",
    "item_name": "Sopa de Tortilla",
    "quantity": 7,
    "revenue": 41.93,
    "category": "Soups"
  },
  {
    "date": "2025-11-26",
    "item_name": "Flan",
    "quantity": 7,
    "revenue": 34.93,
    "category": "Desserts"
  },
  {
    "date": "2025-11-27",
    "item_name": "Tacos al Pastor",
    "quantity": 45,
    "revenue": 584.55,
    "category": "Tacos"
  },
  {
    "date": "2025-11-27",
    "item_name": "Guacamole Premium",
    "quantity": 23,
    "revenue": 206.77,
    "category": "Appetizers"
  },
  {
    "date": "2025-11-27",
    "item_name": "Quesadilla de Queso",
    "quantity": 46,
    "revenue": 367.54,
    "category": "Quesadillas"
  },
  {
    "date": "2025-11-27",
    "item_name": "Arroz con Pollo",
    "quantity": 36,
    "revenue": 539.64,
    "category": "Main Courses"
  },
  {
    "date": "2025-11-27",
    "item_name": "Nachos Supreme",
    "quantity": 19,
    "revenue": 227.81,
    "category": "Appetizers"
  },
  {
    "date": "2025-11-27",
    "item_name": "Birria Tacos",
    "quantity": 10,
    "revenue": 159.9,
    "category": "Tacos"
  },
  {
    "date": "2025-11-27",
    "item_name": "Elote Callejero",
    "quantity": 19,
    "revenue": 113.81,
    "category": "Sides"
  },
  {
    "date": "2025-11-27",
    "item_name": "Ensalada Verde",
    "quantity": 4,
    "revenue": 27.96,
    "category": "Salads"
  },
  {
    "date": "2025-11-27",
    "item_name": "Sopa de Tortilla",
    "quantity": 10,
    "revenue": 59.9,
    "category": "Soups"
  },
  {
    "date": "2025-11-27",
    "item_name": "Flan",
    "quantity": 6,
    "revenue": 29.94,
    "category": "Desserts"
  },
  {
    "date": "2025-11-28",
    "item_name": "Tacos al Pastor",
    "quantity": 55,
    "revenue": 714.45,
    "category": "Tacos"
  },
  {
    "date": "2025-11-28",
    "item_name": "Guacamole Premium",
    "quantity": 29,
    "revenue": 260.71,
    "category": "Appetizers"
  },
  {
    "date": "2025-11-28",
    "item_name": "Quesadilla de Queso",
    "quantity": 73,
    "revenue": 583.27,
    "category": "Quesadillas"
  },
  {
    "date": "2025-11-28",
    "item_name": "Arroz con Pollo",
    "quantity": 50,
    "revenue": 749.5,
    "category": "Main Courses"
  },
  {
    "date": "2025-11-28",
    "item_name": "Nachos Supreme",
    "quantity": 34,
    "revenue": 407.66,
    "category": "Appetizers"
  },
  {
    "date": "2025-11-28",
    "item_name": "Birria Tacos",
    "quantity": 8,
    "revenue": 127.92,
    "category": "Tacos"
  },
  {
    "date": "2025-11-28",
    "item_name": "Elote Callejero",
    "quantity": 17,
    "revenue": 101.83,
    "category": "Sides"
  },
  {
    "date": "2025-11-28",
    "item_name": "Ensalada Verde",
    "quantity": 5,
    "revenue": 34.95,
    "category": "Salads"
  },
  {
    "date": "2025-11-28",
    "item_name": "Sopa de Tortilla",
    "quantity": 7,
    "revenue": 41.93,
    "category": "Soups"
  },
  {
    "date": "2025-11-28",
    "item_name": "Flan",
    "quantity": 8,
    "revenue": 39.92,
    "category": "Desserts"
  },
  {
    "date": "2025-11-29",
    "item_name": "Tacos al Pastor",
    "quantity": 50,
    "revenue": 649.5,
    "category": "Tacos"
  },
  {
    "date": "2025-11-29",
    "item_name": "Guacamole Premium",
    "quantity": 38,
    "revenue": 341.62,
    "category": "Appetizers"
  },
  {
    "date": "2025-11-29",
    "item_name": "Quesadilla de Queso",
    "quantity": 73,
    "revenue": 583.27,
    "category": "Quesadillas"
  },
  {
    "date": "2025-11-29",
    "item_name": "Arroz con Pollo",
    "quantity": 44,
    "revenue": 659.56,
    "category": "Main Courses"
  },
  {
    "date": "2025-11-29",
    "item_name": "Nachos Supreme",
    "quantity": 33,
    "revenue": 395.67,
    "category": "Appetizers"
  },
  {
    "date": "2025-11-29",
    "item_name": "Birria Tacos",
    "quantity": 11,
    "revenue": 175.89,
    "category": "Tacos"
  },
  {
    "date": "2025-11-29",
    "item_name": "Elote Callejero",
    "quantity": 23,
    "revenue": 137.77,
    "category": "Sides"
  },
  {
    "date": "2025-11-29",
    "item_name": "Ensalada Verde",
    "quantity": 6,
    "revenue": 41.94,
    "category": "Salads"
  },
  {
    "date": "2025-11-29",
    "item_name": "Sopa de Tortilla",
    "quantity": 8,
    "revenue": 47.92,
    "category": "Soups"
  },
  {
    "date": "2025-11-29",
    "item_name": "Flan",
    "quantity": 7,
    "revenue": 34.93,
    "category": "Desserts"
  },
  {
    "date": "2025-11-30",
    "item_name": "Tacos al Pastor",
    "quantity": 51,
    "revenue": 662.49,
    "category": "Tacos"
  },
  {
    "date": "2025-11-30",
    "item_name": "Guacamole Premium",
    "quantity": 33,
    "revenue": 296.67,
    "category": "Appetizers"
  },
  {
    "date": "2025-11-30",
    "item_name": "Quesadilla de Queso",
    "quantity": 78,
    "revenue": 623.22,
    "category": "Quesadillas"
  },
  {
    "date": "2025-11-30",
    "item_name": "Arroz con Pollo",
    "quantity": 60,
    "revenue": 899.4,
    "category": "Main Courses"
  },
  {
    "date": "2025-11-30",
    "item_name": "Nachos Supreme",
    "quantity": 32,
    "revenue": 383.68,
    "category": "Appetizers"
  },
  {
    "date": "2025-11-30",
    "item_name": "Birria Tacos",
    "quantity": 13,
    "revenue": 207.87,
    "category": "Tacos"
  },
  {
    "date": "2025-11-30",
    "item_name": "Elote Callejero",
    "quantity": 21,
    "revenue": 125.79,
    "category": "Sides"
  },
  {
    "date": "2025-11-30",
    "item_name": "Ensalada Verde",
    "quantity": 7,
    "revenue": 48.93,
    "category": "Salads"
  },
  {
    "date": "2025-11-30",
    "item_name": "Sopa de Tortilla",
    "quantity": 10,
    "revenue": 59.9,
    "category": "Soups"
  },
  {
    "date": "2025-11-30",
    "item_name": "Flan",
    "quantity": 9,
    "revenue": 44.91,
    "category": "Desserts"
  },
  {
    "date": "2025-12-01",
    "item_name": "Tacos al Pastor",
    "quantity": 35,
    "revenue": 454.65,
    "category": "Tacos"
  },
  {
    "date": "2025-12-01",
    "item_name": "Guacamole Premium",
    "quantity": 27,
    "revenue": 242.73,
    "category": "Appetizers"
  },
  {
    "date": "2025-12-01",
    "item_name": "Quesadilla de Queso",
    "quantity": 61,
    "revenue": 487.39,
    "category": "Quesadillas"
  },
  {
    "date": "2025-12-01",
    "item_name": "Arroz con Pollo",
    "quantity": 36,
    "revenue": 539.64,
    "category": "Main Courses"
  },
  {
    "date": "2025-12-01",
    "item_name": "Nachos Supreme",
    "quantity": 31,
    "revenue": 371.69,
    "category": "Appetizers"
  },
  {
    "date": "2025-12-01",
    "item_name": "Birria Tacos",
    "quantity": 6,
    "revenue": 95.94,
    "category": "Tacos"
  },
  {
    "date": "2025-12-01",
    "item_name": "Elote Callejero",
    "quantity": 13,
    "revenue": 77.87,
    "category": "Sides"
  },
  {
    "date": "2025-12-01",
    "item_name": "Ensalada Verde",
    "quantity": 6,
    "revenue": 41.94,
    "category": "Salads"
  },
  {
    "date": "2025-12-01",
    "item_name": "Sopa de Tortilla",
    "quantity": 8,
    "revenue": 47.92,
    "category": "Soups"
  },
  {
    "date": "2025-12-01",
    "item_name": "Flan",
    "quantity": 7,
    "revenue": 34.93,
    "category": "Desserts"
  },
  {
    "date": "2025-12-02",
    "item_name": "Tacos al Pastor",
    "quantity": 35,
    "revenue": 454.65,
    "category": "Tacos"
  },
  {
    "date": "2025-12-02",
    "item_name": "Guacamole Premium",
    "quantity": 25,
    "revenue": 224.75,
    "category": "Appetizers"
  },
  {
    "date": "2025-12-02",
    "item_name": "Quesadilla de Queso",
    "quantity": 55,
    "revenue": 439.45,
    "category": "Quesadillas"
  },
  {
    "date": "2025-12-02",
    "item_name": "Arroz con Pollo",
    "quantity": 45,
    "revenue": 674.55,
    "category": "Main Courses"
  },
  {
    "date": "2025-12-02",
    "item_name": "Nachos Supreme",
    "quantity": 20,
    "revenue": 239.8,
    "category": "Appetizers"
  },
  {
    "date": "2025-12-02",
    "item_name": "Birria Tacos",
    "quantity": 10,
    "revenue": 159.9,
    "category": "Tacos"
  },
  {
    "date": "2025-12-02",
    "item_name": "Elote Callejero",
    "quantity": 19,
    "revenue": 113.81,
    "category": "Sides"
  },
  {
    "date": "2025-12-02",
    "item_name": "Ensalada Verde",
    "quantity": 4,
    "revenue": 27.96,
    "category": "Salads"
  },
  {
    "date": "2025-12-02",
    "item_name": "Sopa de Tortilla",
    "quantity": 8,
    "revenue": 47.92,
    "category": "Soups"
  },
  {
    "date": "2025-12-02",
    "item_name": "Flan",
    "quantity": 5,
    "revenue": 24.95,
    "category": "Desserts"
  },
  {
    "date": "2025-12-03",
    "item_name": "Tacos al Pastor",
    "quantity": 50,
    "revenue": 649.5,
    "category": "Tacos"
  },
  {
    "date": "2025-12-03",
    "item_name": "Guacamole Premium",
    "quantity": 32,
    "revenue": 287.68,
    "category": "Appetizers"
  },
  {
    "date": "2025-12-03",
    "item_name": "Quesadilla de Queso",
    "quantity": 36,
    "revenue": 287.64,
    "category": "Quesadillas"
  },
  {
    "date": "2025-12-03",
    "item_name": "Arroz con Pollo",
    "quantity": 28,
    "revenue": 419.72,
    "category": "Main Courses"
  },
  {
    "date": "2025-12-03",
    "item_name": "Nachos Supreme",
    "quantity": 25,
    "revenue": 299.75,
    "category": "Appetizers"
  },
  {
    "date": "2025-12-03",
    "item_name": "Birria Tacos",
    "quantity": 11,
    "revenue": 175.89,
    "category": "Tacos"
  },
  {
    "date": "2025-12-03",
    "item_name": "Elote Callejero",
    "quantity": 14,
    "revenue": 83.86,
    "category": "Sides"
  },
  {
    "date": "2025-12-03",
    "item_name": "Ensalada Verde",
    "quantity": 6,
    "revenue": 41.94,
    "category": "Salads"
  },
  {
    "date": "2025-12-03",
    "item_name": "Sopa de Tortilla",
    "quantity": 7,
    "revenue": 41.93,
    "category": "Soups"
  },
  {
    "date": "2025-12-03",
    "item_name": "Flan",
    "quantity": 7,
    "revenue": 34.93,
    "category": "Desserts"
  },
  {
    "date": "2025-12-04",
    "item_name": "Tacos al Pastor",
    "quantity": 43,
    "revenue": 558.57,
    "category": "Tacos"
  },
  {
    "date": "2025-12-04",
    "item_name": "Guacamole Premium",
    "quantity": 26,
    "revenue": 233.74,
    "category": "Appetizers"
  },
  {
    "date": "2025-12-04",
    "item_name": "Quesadilla de Queso",
    "quantity": 59,
    "revenue": 471.41,
    "category": "Quesadillas"
  },
  {
    "date": "2025-12-04",
    "item_name": "Arroz con Pollo",
    "quantity": 49,
    "revenue": 734.51,
    "category": "Main Courses"
  },
  {
    "date": "2025-12-04",
    "item_name": "Nachos Supreme",
    "quantity": 31,
    "revenue": 371.69,
    "category": "Appetizers"
  },
  {
    "date": "2025-12-04",
    "item_name": "Birria Tacos",
    "quantity": 7,
    "revenue": 111.93,
    "category": "Tacos"
  },
  {
    "date": "2025-12-04",
    "item_name": "Elote Callejero",
    "quantity": 18,
    "revenue": 107.82,
    "category": "Sides"
  },
  {
    "date": "2025-12-04",
    "item_name": "Ensalada Verde",
    "quantity": 7,
    "revenue": 48.93,
    "category": "Salads"
  },
  {
    "date": "2025-12-04",
    "item_name": "Sopa de Tortilla",
    "quantity": 10,
    "revenue": 59.9,
    "category": "Soups"
  },
  {
    "date": "2025-12-04",
    "item_name": "Flan",
    "quantity": 6,
    "revenue": 29.94,
    "category": "Desserts"
  },
  {
    "date": "2025-12-05",
    "item_name": "Tacos al Pastor",
    "quantity": 64,
    "revenue": 831.36,
    "category": "Tacos"
  },
  {
    "date": "2025-12-05",
    "item_name": "Guacamole Premium",
    "quantity": 49,
    "revenue": 440.51,
    "category": "Appetizers"
  },
  {
    "date": "2025-12-05",
    "item_name": "Quesadilla de Queso",
    "quantity": 59,
    "revenue": 471.41,
    "category": "Quesadillas"
  },
  {
    "date": "2025-12-05",
    "item_name": "Arroz con Pollo",
    "quantity": 53,
    "revenue": 794.47,
    "category": "Main Courses"
  },
  {
    "date": "2025-12-05",
    "item_name": "Nachos Supreme",
    "quantity": 44,
    "revenue": 527.56,
    "category": "Appetizers"
  },
  {
    "date": "2025-12-05",
    "item_name": "Birria Tacos",
    "quantity": 10,
    "revenue": 159.9,
    "category": "Tacos"
  },
  {
    "date": "2025-12-05",
    "item_name": "Elote Callejero",
    "quantity": 16,
    "revenue": 95.84,
    "category": "Sides"
  },
  {
    "date": "2025-12-05",
    "item_name": "Ensalada Verde",
    "quantity": 7,
    "revenue": 48.93,
    "category": "Salads"
  },
  {
    "date": "2025-12-05",
    "item_name": "Sopa de Tortilla",
    "quantity": 12,
    "revenue": 71.88,
    "category": "Soups"
  },
  {
    "date": "2025-12-05",
    "item_name": "Flan",
    "quantity": 8,
    "revenue": 39.92,
    "category": "Desserts"
  },
  {
    "date": "2025-12-06",
    "item_name": "Tacos al Pastor",
    "quantity": 58,
    "revenue": 753.42,
    "category": "Tacos"
  },
  {
    "date": "2025-12-06",
    "item_name": "Guacamole Premium",
    "quantity": 39,
    "revenue": 350.61,
    "category": "Appetizers"
  },
  {
    "date": "2025-12-06",
    "item_name": "Quesadilla de Queso",
    "quantity": 47,
    "revenue": 375.53,
    "category": "Quesadillas"
  },
  {
    "date": "2025-12-06",
    "item_name": "Arroz con Pollo",
    "quantity": 66,
    "revenue": 989.34,
    "category": "Main Courses"
  },
  {
    "date": "2025-12-06",
    "item_name": "Nachos Supreme",
    "quantity": 39,
    "revenue": 467.61,
    "category": "Appetizers"
  },
  {
    "date": "2025-12-06",
    "item_name": "Birria Tacos",
    "quantity": 10,
    "revenue": 159.9,
    "category": "Tacos"
  },
  {
    "date": "2025-12-06",
    "item_name": "Elote Callejero",
    "quantity": 22,
    "revenue": 131.78,
    "category": "Sides"
  },
  {
    "date": "2025-12-06",
    "item_name": "Ensalada Verde",
    "quantity": 5,
    "revenue": 34.95,
    "category": "Salads"
  },
  {
    "date": "2025-12-06",
    "item_name": "Sopa de Tortilla",
    "quantity": 11,
    "revenue": 65.89,
    "category": "Soups"
  },
  {
    "date": "2025-12-06",
    "item_name": "Flan",
    "quantity": 8,
    "revenue": 39.92,
    "category": "Desserts"
  },
  {
    "date": "2025-12-07",
    "item_name": "Tacos al Pastor",
    "quantity": 35,
    "revenue": 454.65,
    "category": "Tacos"
  },
  {
    "date": "2025-12-07",
    "item_name": "Guacamole Premium",
    "quantity": 30,
    "revenue": 269.7,
    "category": "Appetizers"
  },
  {
    "date": "2025-12-07",
    "item_name": "Quesadilla de Queso",
    "quantity": 75,
    "revenue": 599.25,
    "category": "Quesadillas"
  },
  {
    "date": "2025-12-07",
    "item_name": "Arroz con Pollo",
    "quantity": 54,
    "revenue": 809.46,
    "category": "Main Courses"
  },
  {
    "date": "2025-12-07",
    "item_name": "Nachos Supreme",
    "quantity": 28,
    "revenue": 335.72,
    "category": "Appetizers"
  },
  {
    "date": "2025-12-07",
    "item_name": "Birria Tacos",
    "quantity": 14,
    "revenue": 223.86,
    "category": "Tacos"
  },
  {
    "date": "2025-12-07",
    "item_name": "Elote Callejero",
    "quantity": 16,
    "revenue": 95.84,
    "category": "Sides"
  },
  {
    "date": "2025-12-07",
    "item_name": "Ensalada Verde",
    "quantity": 7,
    "revenue": 48.93,
    "category": "Salads"
  },
  {
    "date": "2025-12-07",
    "item_name": "Sopa de Tortilla",
    "quantity": 8,
    "revenue": 47.92,
    "category": "Soups"
  },
  {
    "date": "2025-12-07",
    "item_name": "Flan",
    "quantity": 6,
    "revenue": 29.94,
    "category": "Desserts"
  },
  {
    "date": "2025-12-08",
    "item_name": "Tacos al Pastor",
    "quantity": 37,
    "revenue": 480.63,
    "category": "Tacos"
  },
  {
    "date": "2025-12-08",
    "item_name": "Guacamole Premium",
    "quantity": 39,
    "revenue": 350.61,
    "category": "Appetizers"
  },
  {
    "date": "2025-12-08",
    "item_name": "Quesadilla de Queso",
    "quantity": 55,
    "revenue": 439.45,
    "category": "Quesadillas"
  },
  {
    "date": "2025-12-08",
    "item_name": "Arroz con Pollo",
    "quantity": 48,
    "revenue": 719.52,
    "category": "Main Courses"
  },
  {
    "date": "2025-12-08",
    "item_name": "Nachos Supreme",
    "quantity": 20,
    "revenue": 239.8,
    "category": "Appetizers"
  },
  {
    "date": "2025-12-08",
    "item_name": "Birria Tacos",
    "quantity": 9,
    "revenue": 143.91,
    "category": "Tacos"
  },
  {
    "date": "2025-12-08",
    "item_name": "Elote Callejero",
    "quantity": 15,
    "revenue": 89.85,
    "category": "Sides"
  },
  {
    "date": "2025-12-08",
    "item_name": "Ensalada Verde",
    "quantity": 6,
    "revenue": 41.94,
    "category": "Salads"
  },
  {
    "date": "2025-12-08",
    "item_name": "Sopa de Tortilla",
    "quantity": 7,
    "revenue": 41.93,
    "category": "Soups"
  },
  {
    "date": "2025-12-08",
    "item_name": "Flan",
    "quantity": 5,
    "revenue": 24.95,
    "category": "Desserts"
  },
  {
    "date": "2025-12-09",
    "item_name": "Tacos al Pastor",
    "quantity": 43,
    "revenue": 558.57,
    "category": "Tacos"
  },
  {
    "date": "2025-12-09",
    "item_name": "Guacamole Premium",
    "quantity": 40,
    "revenue": 359.6,
    "category": "Appetizers"
  },
  {
    "date": "2025-12-09",
    "item_name": "Quesadilla de Queso",
    "quantity": 40,
    "revenue": 319.6,
    "category": "Quesadillas"
  },
  {
    "date": "2025-12-09",
    "item_name": "Arroz con Pollo",
    "quantity": 45,
    "revenue": 674.55,
    "category": "Main Courses"
  },
  {
    "date": "2025-12-09",
    "item_name": "Nachos Supreme",
    "quantity": 29,
    "revenue": 347.71,
    "category": "Appetizers"
  },
  {
    "date": "2025-12-09",
    "item_name": "Birria Tacos",
    "quantity": 11,
    "revenue": 175.89,
    "category": "Tacos"
  },
  {
    "date": "2025-12-09",
    "item_name": "Elote Callejero",
    "quantity": 11,
    "revenue": 65.89,
    "category": "Sides"
  },
  {
    "date": "2025-12-09",
    "item_name": "Ensalada Verde",
    "quantity": 6,
    "revenue": 41.94,
    "category": "Salads"
  },
  {
    "date": "2025-12-09",
    "item_name": "Sopa de Tortilla",
    "quantity": 7,
    "revenue": 41.93,
    "category": "Soups"
  },
  {
    "date": "2025-12-09",
    "item_name": "Flan",
    "quantity": 4,
    "revenue": 19.96,
    "category": "Desserts"
  },
  {
    "date": "2025-12-10",
    "item_name": "Tacos al Pastor",
    "quantity": 28,
    "revenue": 363.72,
    "category": "Tacos"
  },
  {
    "date": "2025-12-10",
    "item_name": "Guacamole Premium",
    "quantity": 29,
    "revenue": 260.71,
    "category": "Appetizers"
  },
  {
    "date": "2025-12-10",
    "item_name": "Quesadilla de Queso",
    "quantity": 48,
    "revenue": 383.52,
    "category": "Quesadillas"
  },
  {
    "date": "2025-12-10",
    "item_name": "Arroz con Pollo",
    "quantity": 45,
    "revenue": 674.55,
    "category": "Main Courses"
  },
  {
    "date": "2025-12-10",
    "item_name": "Nachos Supreme",
    "quantity": 27,
    "revenue": 323.73,
    "category": "Appetizers"
  },
  {
    "date": "2025-12-10",
    "item_name": "Birria Tacos",
    "quantity": 7,
    "revenue": 111.93,
    "category": "Tacos"
  },
  {
    "date": "2025-12-10",
    "item_name": "Elote Callejero",
    "quantity": 12,
    "revenue": 71.88,
    "category": "Sides"
  },
  {
    "date": "2025-12-10",
    "item_name": "Ensalada Verde",
    "quantity": 5,
    "revenue": 34.95,
    "category": "Salads"
  },
  {
    "date": "2025-12-10",
    "item_name": "Sopa de Tortilla",
    "quantity": 6,
    "revenue": 35.94,
    "category": "Soups"
  },
  {
    "date": "2025-12-10",
    "item_name": "Flan",
    "quantity": 4,
    "revenue": 19.96,
    "category": "Desserts"
  },
  {
    "date": "2025-12-11",
    "item_name": "Tacos al Pastor",
    "quantity": 29,
    "revenue": 376.71,
    "category": "Tacos"
  },
  {
    "date": "2025-12-11",
    "item_name": "Guacamole Premium",
    "quantity": 29,
    "revenue": 260.71,
    "category": "Appetizers"
  },
  {
    "date": "2025-12-11",
    "item_name": "Quesadilla de Queso",
    "quantity": 41,
    "revenue": 327.59,
    "category": "Quesadillas"
  },
  {
    "date": "2025-12-11",
    "item_name": "Arroz con Pollo",
    "quantity": 37,
    "revenue": 554.63,
    "category": "Main Courses"
  },
  {
    "date": "2025-12-11",
    "item_name": "Nachos Supreme",
    "quantity": 19,
    "revenue": 227.81,
    "category": "Appetizers"
  },
  {
    "date": "2025-12-11",
    "item_name": "Birria Tacos",
    "quantity": 10,
    "revenue": 159.9,
    "category": "Tacos"
  },
  {
    "date": "2025-12-11",
    "item_name": "Elote Callejero",
    "quantity": 18,
    "revenue": 107.82,
    "category": "Sides"
  },
  {
    "date": "2025-12-11",
    "item_name": "Ensalada Verde",
    "quantity": 6,
    "revenue": 41.94,
    "category": "Salads"
  },
  {
    "date": "2025-12-11",
    "item_name": "Sopa de Tortilla",
    "quantity": 6,
    "revenue": 35.94,
    "category": "Soups"
  },
  {
    "date": "2025-12-11",
    "item_name": "Flan",
    "quantity": 6,
    "revenue": 29.94,
    "category": "Desserts"
  },
  {
    "date": "2025-12-12",
    "item_name": "Tacos al Pastor",
    "quantity": 55,
    "revenue": 714.45,
    "category": "Tacos"
  },
  {
    "date": "2025-12-12",
    "item_name": "Guacamole Premium",
    "quantity": 36,
    "revenue": 323.64,
    "category": "Appetizers"
  },
  {
    "date": "2025-12-12",
    "item_name": "Quesadilla de Queso",
    "quantity": 79,
    "revenue": 631.21,
    "category": "Quesadillas"
  },
  {
    "date": "2025-12-12",
    "item_name": "Arroz con Pollo",
    "quantity": 55,
    "revenue": 824.45,
    "category": "Main Courses"
  },
  {
    "date": "2025-12-12",
    "item_name": "Nachos Supreme",
    "quantity": 25,
    "revenue": 299.75,
    "category": "Appetizers"
  },
  {
    "date": "2025-12-12",
    "item_name": "Birria Tacos",
    "quantity": 10,
    "revenue": 159.9,
    "category": "Tacos"
  },
  {
    "date": "2025-12-12",
    "item_name": "Elote Callejero",
    "quantity": 15,
    "revenue": 89.85,
    "category": "Sides"
  },
  {
    "date": "2025-12-12",
    "item_name": "Ensalada Verde",
    "quantity": 8,
    "revenue": 55.92,
    "category": "Salads"
  },
  {
    "date": "2025-12-12",
    "item_name": "Sopa de Tortilla",
    "quantity": 9,
    "revenue": 53.91,
    "category": "Soups"
  },
  {
    "date": "2025-12-12",
    "item_name": "Flan",
    "quantity": 6,
    "revenue": 29.94,
    "category": "Desserts"
  },
  {
    "date": "2025-12-13",
    "item_name": "Tacos al Pastor",
    "quantity": 41,
    "revenue": 532.59,
    "category": "Tacos"
  },
  {
    "date": "2025-12-13",
    "item_name": "Guacamole Premium",
    "quantity": 36,
    "revenue": 323.64,
    "category": "Appetizers"
  },
  {
    "date": "2025-12-13",
    "item_name": "Quesadilla de Queso",
    "quantity": 76,
    "revenue": 607.24,
    "category": "Quesadillas"
  },
  {
    "date": "2025-12-13",
    "item_name": "Arroz con Pollo",
    "quantity": 48,
    "revenue": 719.52,
    "category": "Main Courses"
  },
  {
    "date": "2025-12-13",
    "item_name": "Nachos Supreme",
    "quantity": 33,
    "revenue": 395.67,
    "category": "Appetizers"
  },
  {
    "date": "2025-12-13",
    "item_name": "Birria Tacos",
    "quantity": 8,
    "revenue": 127.92,
    "category": "Tacos"
  },
  {
    "date": "2025-12-13",
    "item_name": "Elote Callejero",
    "quantity": 22,
    "revenue": 131.78,
    "category": "Sides"
  },
  {
    "date": "2025-12-13",
    "item_name": "Ensalada Verde",
    "quantity": 7,
    "revenue": 48.93,
    "category": "Salads"
  },
  {
    "date": "2025-12-13",
    "item_name": "Sopa de Tortilla",
    "quantity": 10,
    "revenue": 59.9,
    "category": "Soups"
  },
  {
    "date": "2025-12-13",
    "item_name": "Flan",
    "quantity": 7,
    "revenue": 34.93,
    "category": "Desserts"
  },
  {
    "date": "2025-12-14",
    "item_name": "Tacos al Pastor",
    "quantity": 62,
    "revenue": 805.38,
    "category": "Tacos"
  },
  {
    "date": "2025-12-14",
    "item_name": "Guacamole Premium",
    "quantity": 37,
    "revenue": 332.63,
    "category": "Appetizers"
  },
  {
    "date": "2025-12-14",
    "item_name": "Quesadilla de Queso",
    "quantity": 75,
    "revenue": 599.25,
    "category": "Quesadillas"
  },
  {
    "date": "2025-12-14",
    "item_name": "Arroz con Pollo",
    "quantity": 59,
    "revenue": 884.41,
    "category": "Main Courses"
  },
  {
    "date": "2025-12-14",
    "item_name": "Nachos Supreme",
    "quantity": 44,
    "revenue": 527.56,
    "category": "Appetizers"
  },
  {
    "date": "2025-12-14",
    "item_name": "Birria Tacos",
    "quantity": 13,
    "revenue": 207.87,
    "category": "Tacos"
  },
  {
    "date": "2025-12-14",
    "item_name": "Elote Callejero",
    "quantity": 19,
    "revenue": 113.81,
    "category": "Sides"
  },
  {
    "date": "2025-12-14",
    "item_name": "Ensalada Verde",
    "quantity": 9,
    "revenue": 62.91,
    "category": "Salads"
  },
  {
    "date": "2025-12-14",
    "item_name": "Sopa de Tortilla",
    "quantity": 10,
    "revenue": 59.9,
    "category": "Soups"
  },
  {
    "date": "2025-12-14",
    "item_name": "Flan",
    "quantity": 9,
    "revenue": 44.91,
    "category": "Desserts"
  },
  {
    "date": "2025-12-15",
    "item_name": "Tacos al Pastor",
    "quantity": 49,
    "revenue": 636.51,
    "category": "Tacos"
  },
  {
    "date": "2025-12-15",
    "item_name": "Guacamole Premium",
    "quantity": 24,
    "revenue": 215.76,
    "category": "Appetizers"
  },
  {
    "date": "2025-12-15",
    "item_name": "Quesadilla de Queso",
    "quantity": 42,
    "revenue": 335.58,
    "category": "Quesadillas"
  },
  {
    "date": "2025-12-15",
    "item_name": "Arroz con Pollo",
    "quantity": 30,
    "revenue": 449.7,
    "category": "Main Courses"
  },
  {
    "date": "2025-12-15",
    "item_name": "Nachos Supreme",
    "quantity": 21,
    "revenue": 251.79,
    "category": "Appetizers"
  },
  {
    "date": "2025-12-15",
    "item_name": "Birria Tacos",
    "quantity": 11,
    "revenue": 175.89,
    "category": "Tacos"
  },
  {
    "date": "2025-12-15",
    "item_name": "Elote Callejero",
    "quantity": 12,
    "revenue": 71.88,
    "category": "Sides"
  },
  {
    "date": "2025-12-15",
    "item_name": "Ensalada Verde",
    "quantity": 6,
    "revenue": 41.94,
    "category": "Salads"
  },
  {
    "date": "2025-12-15",
    "item_name": "Sopa de Tortilla",
    "quantity": 10,
    "revenue": 59.9,
    "category": "Soups"
  },
  {
    "date": "2025-12-15",
    "item_name": "Flan",
    "quantity": 4,
    "revenue": 19.96,
    "category": "Desserts"
  },
  {
    "date": "2025-12-16",
    "item_name": "Tacos al Pastor",
    "quantity": 27,
    "revenue": 350.73,
    "category": "Tacos"
  },
  {
    "date": "2025-12-16",
    "item_name": "Guacamole Premium",
    "quantity": 37,
    "revenue": 332.63,
    "category": "Appetizers"
  },
  {
    "date": "2025-12-16",
    "item_name": "Quesadilla de Queso",
    "quantity": 50,
    "revenue": 399.5,
    "category": "Quesadillas"
  },
  {
    "date": "2025-12-16",
    "item_name": "Arroz con Pollo",
    "quantity": 37,
    "revenue": 554.63,
    "category": "Main Courses"
  },
  {
    "date": "2025-12-16",
    "item_name": "Nachos Supreme",
    "quantity": 29,
    "revenue": 347.71,
    "category": "Appetizers"
  },
  {
    "date": "2025-12-16",
    "item_name": "Birria Tacos",
    "quantity": 8,
    "revenue": 127.92,
    "category": "Tacos"
  },
  {
    "date": "2025-12-16",
    "item_name": "Elote Callejero",
    "quantity": 13,
    "revenue": 77.87,
    "category": "Sides"
  },
  {
    "date": "2025-12-16",
    "item_name": "Ensalada Verde",
    "quantity": 6,
    "revenue": 41.94,
    "category": "Salads"
  },
  {
    "date": "2025-12-16",
    "item_name": "Sopa de Tortilla",
    "quantity": 10,
    "revenue": 59.9,
    "category": "Soups"
  },
  {
    "date": "2025-12-16",
    "item_name": "Flan",
    "quantity": 5,
    "revenue": 24.95,
    "category": "Desserts"
  },
  {
    "date": "2025-12-17",
    "item_name": "Tacos al Pastor",
    "quantity": 28,
    "revenue": 363.72,
    "category": "Tacos"
  },
  {
    "date": "2025-12-17",
    "item_name": "Guacamole Premium",
    "quantity": 34,
    "revenue": 305.66,
    "category": "Appetizers"
  },
  {
    "date": "2025-12-17",
    "item_name": "Quesadilla de Queso",
    "quantity": 59,
    "revenue": 471.41,
    "category": "Quesadillas"
  },
  {
    "date": "2025-12-17",
    "item_name": "Arroz con Pollo",
    "quantity": 36,
    "revenue": 539.64,
    "category": "Main Courses"
  },
  {
    "date": "2025-12-17",
    "item_name": "Nachos Supreme",
    "quantity": 29,
    "revenue": 347.71,
    "category": "Appetizers"
  },
  {
    "date": "2025-12-17",
    "item_name": "Birria Tacos",
    "quantity": 9,
    "revenue": 143.91,
    "category": "Tacos"
  },
  {
    "date": "2025-12-17",
    "item_name": "Elote Callejero",
    "quantity": 18,
    "revenue": 107.82,
    "category": "Sides"
  },
  {
    "date": "2025-12-17",
    "item_name": "Ensalada Verde",
    "quantity": 6,
    "revenue": 41.94,
    "category": "Salads"
  },
  {
    "date": "2025-12-17",
    "item_name": "Sopa de Tortilla",
    "quantity": 8,
    "revenue": 47.92,
    "category": "Soups"
  },
  {
    "date": "2025-12-17",
    "item_name": "Flan",
    "quantity": 5,
    "revenue": 24.95,
    "category": "Desserts"
  },
  {
    "date": "2025-12-18",
    "item_name": "Tacos al Pastor",
    "quantity": 29,
    "revenue": 376.71,
    "category": "Tacos"
  },
  {
    "date": "2025-12-18",
    "item_name": "Guacamole Premium",
    "quantity": 25,
    "revenue": 224.75,
    "category": "Appetizers"
  },
  {
    "date": "2025-12-18",
    "item_name": "Quesadilla de Queso",
    "quantity": 36,
    "revenue": 287.64,
    "category": "Quesadillas"
  },
  {
    "date": "2025-12-18",
    "item_name": "Arroz con Pollo",
    "quantity": 51,
    "revenue": 764.49,
    "category": "Main Courses"
  },
  {
    "date": "2025-12-18",
    "item_name": "Nachos Supreme",
    "quantity": 21,
    "revenue": 251.79,
    "category": "Appetizers"
  },
  {
    "date": "2025-12-18",
    "item_name": "Birria Tacos",
    "quantity": 10,
    "revenue": 159.9,
    "category": "Tacos"
  },
  {
    "date": "2025-12-18",
    "item_name": "Elote Callejero",
    "quantity": 18,
    "revenue": 107.82,
    "category": "Sides"
  },
  {
    "date": "2025-12-18",
    "item_name": "Ensalada Verde",
    "quantity": 4,
    "revenue": 27.96,
    "category": "Salads"
  },
  {
    "date": "2025-12-18",
    "item_name": "Sopa de Tortilla",
    "quantity": 8,
    "revenue": 47.92,
    "category": "Soups"
  },
  {
    "date": "2025-12-18",
    "item_name": "Flan",
    "quantity": 4,
    "revenue": 19.96,
    "category": "Desserts"
  },
  {
    "date": "2025-12-19",
    "item_name": "Tacos al Pastor",
    "quantity": 40,
    "revenue": 519.6,
    "category": "Tacos"
  },
  {
    "date": "2025-12-19",
    "item_name": "Guacamole Premium",
    "quantity": 37,
    "revenue": 332.63,
    "category": "Appetizers"
  },
  {
    "date": "2025-12-19",
    "item_name": "Quesadilla de Queso",
    "quantity": 52,
    "revenue": 415.48,
    "category": "Quesadillas"
  },
  {
    "date": "2025-12-19",
    "item_name": "Arroz con Pollo",
    "quantity": 63,
    "revenue": 944.37,
    "category": "Main Courses"
  },
  {
    "date": "2025-12-19",
    "item_name": "Nachos Supreme",
    "quantity": 25,
    "revenue": 299.75,
    "category": "Appetizers"
  },
  {
    "date": "2025-12-19",
    "item_name": "Birria Tacos",
    "quantity": 15,
    "revenue": 239.85,
    "category": "Tacos"
  },
  {
    "date": "2025-12-19",
    "item_name": "Elote Callejero",
    "quantity": 21,
    "revenue": 125.79,
    "category": "Sides"
  },
  {
    "date": "2025-12-19",
    "item_name": "Ensalada Verde",
    "quantity": 5,
    "revenue": 34.95,
    "category": "Salads"
  },
  {
    "date": "2025-12-19",
    "item_name": "Sopa de Tortilla",
    "quantity": 8,
    "revenue": 47.92,
    "category": "Soups"
  },
  {
    "date": "2025-12-19",
    "item_name": "Flan",
    "quantity": 8,
    "revenue": 39.92,
    "category": "Desserts"
  },
  {
    "date": "2025-12-20",
    "item_name": "Tacos al Pastor",
    "quantity": 50,
    "revenue": 649.5,
    "category": "Tacos"
  },
  {
    "date": "2025-12-20",
    "item_name": "Guacamole Premium",
    "quantity": 48,
    "revenue": 431.52,
    "category": "Appetizers"
  },
  {
    "date": "2025-12-20",
    "item_name": "Quesadilla de Queso",
    "quantity": 76,
    "revenue": 607.24,
    "category": "Quesadillas"
  },
  {
    "date": "2025-12-20",
    "item_name": "Arroz con Pollo",
    "quantity": 55,
    "revenue": 824.45,
    "category": "Main Courses"
  },
  {
    "date": "2025-12-20",
    "item_name": "Nachos Supreme",
    "quantity": 36,
    "revenue": 431.64,
    "category": "Appetizers"
  },
  {
    "date": "2025-12-20",
    "item_name": "Birria Tacos",
    "quantity": 15,
    "revenue": 239.85,
    "category": "Tacos"
  },
  {
    "date": "2025-12-20",
    "item_name": "Elote Callejero",
    "quantity": 18,
    "revenue": 107.82,
    "category": "Sides"
  },
  {
    "date": "2025-12-20",
    "item_name": "Ensalada Verde",
    "quantity": 6,
    "revenue": 41.94,
    "category": "Salads"
  },
  {
    "date": "2025-12-20",
    "item_name": "Sopa de Tortilla",
    "quantity": 9,
    "revenue": 53.91,
    "category": "Soups"
  },
  {
    "date": "2025-12-20",
    "item_name": "Flan",
    "quantity": 6,
    "revenue": 29.94,
    "category": "Desserts"
  },
  {
    "date": "2025-12-21",
    "item_name": "Tacos al Pastor",
    "quantity": 47,
    "revenue": 610.53,
    "category": "Tacos"
  },
  {
    "date": "2025-12-21",
    "item_name": "Guacamole Premium",
    "quantity": 45,
    "revenue": 404.55,
    "category": "Appetizers"
  },
  {
    "date": "2025-12-21",
    "item_name": "Quesadilla de Queso",
    "quantity": 54,
    "revenue": 431.46,
    "category": "Quesadillas"
  },
  {
    "date": "2025-12-21",
    "item_name": "Arroz con Pollo",
    "quantity": 43,
    "revenue": 644.57,
    "category": "Main Courses"
  },
  {
    "date": "2025-12-21",
    "item_name": "Nachos Supreme",
    "quantity": 37,
    "revenue": 443.63,
    "category": "Appetizers"
  },
  {
    "date": "2025-12-21",
    "item_name": "Birria Tacos",
    "quantity": 9,
    "revenue": 143.91,
    "category": "Tacos"
  },
  {
    "date": "2025-12-21",
    "item_name": "Elote Callejero",
    "quantity": 14,
    "revenue": 83.86,
    "category": "Sides"
  },
  {
    "date": "2025-12-21",
    "item_name": "Ensalada Verde",
    "quantity": 5,
    "revenue": 34.95,
    "category": "Salads"
  },
  {
    "date": "2025-12-21",
    "item_name": "Sopa de Tortilla",
    "quantity": 9,
    "revenue": 53.91,
    "category": "Soups"
  },
  {
    "date": "2025-12-21",
    "item_name": "Flan",
    "quantity": 8,
    "revenue": 39.92,
    "category": "Desserts"
  },
  {
    "date": "2025-12-22",
    "item_name": "Tacos al Pastor",
    "quantity": 49,
    "revenue": 636.51,
    "category": "Tacos"
  },
  {
    "date": "2025-12-22",
    "item_name": "Guacamole Premium",
    "quantity": 28,
    "revenue": 251.72,
    "category": "Appetizers"
  },
  {
    "date": "2025-12-22",
    "item_name": "Quesadilla de Queso",
    "quantity": 36,
    "revenue": 287.64,
    "category": "Quesadillas"
  },
  {
    "date": "2025-12-22",
    "item_name": "Arroz con Pollo",
    "quantity": 45,
    "revenue": 674.55,
    "category": "Main Courses"
  },
  {
    "date": "2025-12-22",
    "item_name": "Nachos Supreme",
    "quantity": 31,
    "revenue": 371.69,
    "category": "Appetizers"
  },
  {
    "date": "2025-12-22",
    "item_name": "Birria Tacos",
    "quantity": 6,
    "revenue": 95.94,
    "category": "Tacos"
  },
  {
    "date": "2025-12-22",
    "item_name": "Elote Callejero",
    "quantity": 13,
    "revenue": 77.87,
    "category": "Sides"
  },
  {
    "date": "2025-12-22",
    "item_name": "Ensalada Verde",
    "quantity": 4,
    "revenue": 27.96,
    "category": "Salads"
  },
  {
    "date": "2025-12-22",
    "item_name": "Sopa de Tortilla",
    "quantity": 8,
    "revenue": 47.92,
    "category": "Soups"
  },
  {
    "date": "2025-12-22",
    "item_name": "Flan",
    "quantity": 7,
    "revenue": 34.93,
    "category": "Desserts"
  },
  {
    "date": "2025-12-23",
    "item_name": "Tacos al Pastor",
    "quantity": 45,
    "revenue": 584.55,
    "category": "Tacos"
  },
  {
    "date": "2025-12-23",
    "item_name": "Guacamole Premium",
    "quantity": 24,
    "revenue": 215.76,
    "category": "Appetizers"
  },
  {
    "date": "2025-12-23",
    "item_name": "Quesadilla de Queso",
    "quantity": 43,
    "revenue": 343.57,
    "category": "Quesadillas"
  },
  {
    "date": "2025-12-23",
    "item_name": "Arroz con Pollo",
    "quantity": 34,
    "revenue": 509.66,
    "category": "Main Courses"
  },
  {
    "date": "2025-12-23",
    "item_name": "Nachos Supreme",
    "quantity": 21,
    "revenue": 251.79,
    "category": "Appetizers"
  },
  {
    "date": "2025-12-23",
    "item_name": "Birria Tacos",
    "quantity": 11,
    "revenue": 175.89,
    "category": "Tacos"
  },
  {
    "date": "2025-12-23",
    "item_name": "Elote Callejero",
    "quantity": 13,
    "revenue": 77.87,
    "category": "Sides"
  },
  {
    "date": "2025-12-23",
    "item_name": "Ensalada Verde",
    "quantity": 4,
    "revenue": 27.96,
    "category": "Salads"
  },
  {
    "date": "2025-12-23",
    "item_name": "Sopa de Tortilla",
    "quantity": 7,
    "revenue": 41.93,
    "category": "Soups"
  },
  {
    "date": "2025-12-23",
    "item_name": "Flan",
    "quantity": 4,
    "revenue": 19.96,
    "category": "Desserts"
  },
  {
    "date": "2025-12-24",
    "item_name": "Tacos al Pastor",
    "quantity": 41,
    "revenue": 532.59,
    "category": "Tacos"
  },
  {
    "date": "2025-12-24",
    "item_name": "Guacamole Premium",
    "quantity": 36,
    "revenue": 323.64,
    "category": "Appetizers"
  },
  {
    "date": "2025-12-24",
    "item_name": "Quesadilla de Queso",
    "quantity": 64,
    "revenue": 511.36,
    "category": "Quesadillas"
  },
  {
    "date": "2025-12-24",
    "item_name": "Arroz con Pollo",
    "quantity": 45,
    "revenue": 674.55,
    "category": "Main Courses"
  },
  {
    "date": "2025-12-24",
    "item_name": "Nachos Supreme",
    "quantity": 20,
    "revenue": 239.8,
    "category": "Appetizers"
  },
  {
    "date": "2025-12-24",
    "item_name": "Birria Tacos",
    "quantity": 10,
    "revenue": 159.9,
    "category": "Tacos"
  },
  {
    "date": "2025-12-24",
    "item_name": "Elote Callejero",
    "quantity": 19,
    "revenue": 113.81,
    "category": "Sides"
  },
  {
    "date": "2025-12-24",
    "item_name": "Ensalada Verde",
    "quantity": 6,
    "revenue": 41.94,
    "category": "Salads"
  },
  {
    "date": "2025-12-24",
    "item_name": "Sopa de Tortilla",
    "quantity": 8,
    "revenue": 47.92,
    "category": "Soups"
  },
  {
    "date": "2025-12-24",
    "item_name": "Flan",
    "quantity": 7,
    "revenue": 34.93,
    "category": "Desserts"
  },
  {
    "date": "2025-12-25",
    "item_name": "Tacos al Pastor",
    "quantity": 46,
    "revenue": 597.54,
    "category": "Tacos"
  },
  {
    "date": "2025-12-25",
    "item_name": "Guacamole Premium",
    "quantity": 35,
    "revenue": 314.65,
    "category": "Appetizers"
  },
  {
    "date": "2025-12-25",
    "item_name": "Quesadilla de Queso",
    "quantity": 48,
    "revenue": 383.52,
    "category": "Quesadillas"
  },
  {
    "date": "2025-12-25",
    "item_name": "Arroz con Pollo",
    "quantity": 34,
    "revenue": 509.66,
    "category": "Main Courses"
  },
  {
    "date": "2025-12-25",
    "item_name": "Nachos Supreme",
    "quantity": 20,
    "revenue": 239.8,
    "category": "Appetizers"
  },
  {
    "date": "2025-12-25",
    "item_name": "Birria Tacos",
    "quantity": 7,
    "revenue": 111.93,
    "category": "Tacos"
  },
  {
    "date": "2025-12-25",
    "item_name": "Elote Callejero",
    "quantity": 19,
    "revenue": 113.81,
    "category": "Sides"
  },
  {
    "date": "2025-12-25",
    "item_name": "Ensalada Verde",
    "quantity": 4,
    "revenue": 27.96,
    "category": "Salads"
  },
  {
    "date": "2025-12-25",
    "item_name": "Sopa de Tortilla",
    "quantity": 9,
    "revenue": 53.91,
    "category": "Soups"
  },
  {
    "date": "2025-12-25",
    "item_name": "Flan",
    "quantity": 7,
    "revenue": 34.93,
    "category": "Desserts"
  },
  {
    "date": "2025-12-26",
    "item_name": "Tacos al Pastor",
    "quantity": 58,
    "revenue": 753.42,
    "category": "Tacos"
  },
  {
    "date": "2025-12-26",
    "item_name": "Guacamole Premium",
    "quantity": 41,
    "revenue": 368.59,
    "category": "Appetizers"
  },
  {
    "date": "2025-12-26",
    "item_name": "Quesadilla de Queso",
    "quantity": 46,
    "revenue": 367.54,
    "category": "Quesadillas"
  },
  {
    "date": "2025-12-26",
    "item_name": "Arroz con Pollo",
    "quantity": 36,
    "revenue": 539.64,
    "category": "Main Courses"
  },
  {
    "date": "2025-12-26",
    "item_name": "Nachos Supreme",
    "quantity": 37,
    "revenue": 443.63,
    "category": "Appetizers"
  },
  {
    "date": "2025-12-26",
    "item_name": "Birria Tacos",
    "quantity": 13,
    "revenue": 207.87,
    "category": "Tacos"
  },
  {
    "date": "2025-12-26",
    "item_name": "Elote Callejero",
    "quantity": 16,
    "revenue": 95.84,
    "category": "Sides"
  },
  {
    "date": "2025-12-26",
    "item_name": "Ensalada Verde",
    "quantity": 8,
    "revenue": 55.92,
    "category": "Salads"
  },
  {
    "date": "2025-12-26",
    "item_name": "Sopa de Tortilla",
    "quantity": 14,
    "revenue": 83.86,
    "category": "Soups"
  },
  {
    "date": "2025-12-26",
    "item_name": "Flan",
    "quantity": 9,
    "revenue": 44.91,
    "category": "Desserts"
  },
  {
    "date": "2025-12-27",
    "item_name": "Tacos al Pastor",
    "quantity": 35,
    "revenue": 454.65,
    "category": "Tacos"
  },
  {
    "date": "2025-12-27",
    "item_name": "Guacamole Premium",
    "quantity": 31,
    "revenue": 278.69,
    "category": "Appetizers"
  },
  {
    "date": "2025-12-27",
    "item_name": "Quesadilla de Queso",
    "quantity": 55,
    "revenue": 439.45,
    "category": "Quesadillas"
  },
  {
    "date": "2025-12-27",
    "item_name": "Arroz con Pollo",
    "quantity": 46,
    "revenue": 689.54,
    "category": "Main Courses"
  },
  {
    "date": "2025-12-27",
    "item_name": "Nachos Supreme",
    "quantity": 25,
    "revenue": 299.75,
    "category": "Appetizers"
  },
  {
    "date": "2025-12-27",
    "item_name": "Birria Tacos",
    "quantity": 9,
    "revenue": 143.91,
    "category": "Tacos"
  },
  {
    "date": "2025-12-27",
    "item_name": "Elote Callejero",
    "quantity": 25,
    "revenue": 149.75,
    "category": "Sides"
  },
  {
    "date": "2025-12-27",
    "item_name": "Ensalada Verde",
    "quantity": 7,
    "revenue": 48.93,
    "category": "Salads"
  },
  {
    "date": "2025-12-27",
    "item_name": "Sopa de Tortilla",
    "quantity": 14,
    "revenue": 83.86,
    "category": "Soups"
  },
  {
    "date": "2025-12-27",
    "item_name": "Flan",
    "quantity": 6,
    "revenue": 29.94,
    "category": "Desserts"
  },
  {
    "date": "2025-12-28",
    "item_name": "Tacos al Pastor",
    "quantity": 51,
    "revenue": 662.49,
    "category": "Tacos"
  },
  {
    "date": "2025-12-28",
    "item_name": "Guacamole Premium",
    "quantity": 49,
    "revenue": 440.51,
    "category": "Appetizers"
  },
  {
    "date": "2025-12-28",
    "item_name": "Quesadilla de Queso",
    "quantity": 49,
    "revenue": 391.51,
    "category": "Quesadillas"
  },
  {
    "date": "2025-12-28",
    "item_name": "Arroz con Pollo",
    "quantity": 56,
    "revenue": 839.44,
    "category": "Main Courses"
  },
  {
    "date": "2025-12-28",
    "item_name": "Nachos Supreme",
    "quantity": 27,
    "revenue": 323.73,
    "category": "Appetizers"
  },
  {
    "date": "2025-12-28",
    "item_name": "Birria Tacos",
    "quantity": 13,
    "revenue": 207.87,
    "category": "Tacos"
  },
  {
    "date": "2025-12-28",
    "item_name": "Elote Callejero",
    "quantity": 21,
    "revenue": 125.79,
    "category": "Sides"
  },
  {
    "date": "2025-12-28",
    "item_name": "Ensalada Verde",
    "quantity": 5,
    "revenue": 34.95,
    "category": "Salads"
  },
  {
    "date": "2025-12-28",
    "item_name": "Sopa de Tortilla",
    "quantity": 8,
    "revenue": 47.92,
    "category": "Soups"
  },
  {
    "date": "2025-12-28",
    "item_name": "Flan",
    "quantity": 8,
    "revenue": 39.92,
    "category": "Desserts"
  },
  {
    "date": "2025-12-29",
    "item_name": "Tacos al Pastor",
    "quantity": 44,
    "revenue": 571.56,
    "category": "Tacos"
  },
  {
    "date": "2025-12-29",
    "item_name": "Guacamole Premium",
    "quantity": 40,
    "revenue": 359.6,
    "category": "Appetizers"
  },
  {
    "date": "2025-12-29",
    "item_name": "Quesadilla de Queso",
    "quantity": 51,
    "revenue": 407.49,
    "category": "Quesadillas"
  },
  {
    "date": "2025-12-29",
    "item_name": "Arroz con Pollo",
    "quantity": 43,
    "revenue": 644.57,
    "category": "Main Courses"
  },
  {
    "date": "2025-12-29",
    "item_name": "Nachos Supreme",
    "quantity": 18,
    "revenue": 215.82,
    "category": "Appetizers"
  },
  {
    "date": "2025-12-29",
    "item_name": "Birria Tacos",
    "quantity": 10,
    "revenue": 159.9,
    "category": "Tacos"
  },
  {
    "date": "2025-12-29",
    "item_name": "Elote Callejero",
    "quantity": 10,
    "revenue": 59.9,
    "category": "Sides"
  },
  {
    "date": "2025-12-29",
    "item_name": "Ensalada Verde",
    "quantity": 4,
    "revenue": 27.96,
    "category": "Salads"
  },
  {
    "date": "2025-12-29",
    "item_name": "Sopa de Tortilla",
    "quantity": 8,
    "revenue": 47.92,
    "category": "Soups"
  },
  {
    "date": "2025-12-29",
    "item_name": "Flan",
    "quantity": 7,
    "revenue": 34.93,
    "category": "Desserts"
  },
  {
    "date": "2025-12-30",
    "item_name": "Tacos al Pastor",
    "quantity": 33,
    "revenue": 428.67,
    "category": "Tacos"
  },
  {
    "date": "2025-12-30",
    "item_name": "Guacamole Premium",
    "quantity": 29,
    "revenue": 260.71,
    "category": "Appetizers"
  },
  {
    "date": "2025-12-30",
    "item_name": "Quesadilla de Queso",
    "quantity": 38,
    "revenue": 303.62,
    "category": "Quesadillas"
  },
  {
    "date": "2025-12-30",
    "item_name": "Arroz con Pollo",
    "quantity": 50,
    "revenue": 749.5,
    "category": "Main Courses"
  },
  {
    "date": "2025-12-30",
    "item_name": "Nachos Supreme",
    "quantity": 25,
    "revenue": 299.75,
    "category": "Appetizers"
  },
  {
    "date": "2025-12-30",
    "item_name": "Birria Tacos",
    "quantity": 7,
    "revenue": 111.93,
    "category": "Tacos"
  },
  {
    "date": "2025-12-30",
    "item_name": "Elote Callejero",
    "quantity": 11,
    "revenue": 65.89,
    "category": "Sides"
  },
  {
    "date": "2025-12-30",
    "item_name": "Ensalada Verde",
    "quantity": 4,
    "revenue": 27.96,
    "category": "Salads"
  },
  {
    "date": "2025-12-30",
    "item_name": "Sopa de Tortilla",
    "quantity": 8,
    "revenue": 47.92,
    "category": "Soups"
  },
  {
    "date": "2025-12-30",
    "item_name": "Flan",
    "quantity": 6,
    "revenue": 29.94,
    "category": "Desserts"
  },
  {
    "date": "2025-12-31",
    "item_name": "Tacos al Pastor",
    "quantity": 49,
    "revenue": 636.51,
    "category": "Tacos"
  },
  {
    "date": "2025-12-31",
    "item_name": "Guacamole Premium",
    "quantity": 40,
    "revenue": 359.6,
    "category": "Appetizers"
  },
  {
    "date": "2025-12-31",
    "item_name": "Quesadilla de Queso",
    "quantity": 43,
    "revenue": 343.57,
    "category": "Quesadillas"
  },
  {
    "date": "2025-12-31",
    "item_name": "Arroz con Pollo",
    "quantity": 33,
    "revenue": 494.67,
    "category": "Main Courses"
  },
  {
    "date": "2025-12-31",
    "item_name": "Nachos Supreme",
    "quantity": 26,
    "revenue": 311.74,
    "category": "Appetizers"
  },
  {
    "date": "2025-12-31",
    "item_name": "Birria Tacos",
    "quantity": 12,
    "revenue": 191.88,
    "category": "Tacos"
  },
  {
    "date": "2025-12-31",
    "item_name": "Elote Callejero",
    "quantity": 13,
    "revenue": 77.87,
    "category": "Sides"
  },
  {
    "date": "2025-12-31",
    "item_name": "Ensalada Verde",
    "quantity": 5,
    "revenue": 34.95,
    "category": "Salads"
  },
  {
    "date": "2025-12-31",
    "item_name": "Sopa de Tortilla",
    "quantity": 7,
    "revenue": 41.93,
    "category": "Soups"
  },
  {
    "date": "2025-12-31",
    "item_name": "Flan",
    "quantity": 6,
    "revenue": 29.94,
    "category": "Desserts"
  },
  {
    "date": "2026-01-01",
    "item_name": "Tacos al Pastor",
    "quantity": 31,
    "revenue": 402.69,
    "category": "Tacos"
  },
  {
    "date": "2026-01-01",
    "item_name": "Guacamole Premium",
    "quantity": 39,
    "revenue": 350.61,
    "category": "Appetizers"
  },
  {
    "date": "2026-01-01",
    "item_name": "Quesadilla de Queso",
    "quantity": 45,
    "revenue": 359.55,
    "category": "Quesadillas"
  },
  {
    "date": "2026-01-01",
    "item_name": "Arroz con Pollo",
    "quantity": 41,
    "revenue": 614.59,
    "category": "Main Courses"
  },
  {
    "date": "2026-01-01",
    "item_name": "Nachos Supreme",
    "quantity": 21,
    "revenue": 251.79,
    "category": "Appetizers"
  },
  {
    "date": "2026-01-01",
    "item_name": "Birria Tacos",
    "quantity": 10,
    "revenue": 159.9,
    "category": "Tacos"
  },
  {
    "date": "2026-01-01",
    "item_name": "Elote Callejero",
    "quantity": 19,
    "revenue": 113.81,
    "category": "Sides"
  },
  {
    "date": "2026-01-01",
    "item_name": "Ensalada Verde",
    "quantity": 4,
    "revenue": 27.96,
    "category": "Salads"
  },
  {
    "date": "2026-01-01",
    "item_name": "Sopa de Tortilla",
    "quantity": 5,
    "revenue": 29.95,
    "category": "Soups"
  },
  {
    "date": "2026-01-01",
    "item_name": "Flan",
    "quantity": 5,
    "revenue": 24.95,
    "category": "Desserts"
  },
  {
    "date": "2026-01-02",
    "item_name": "Tacos al Pastor",
    "quantity": 46,
    "revenue": 597.54,
    "category": "Tacos"
  },
  {
    "date": "2026-01-02",
    "item_name": "Guacamole Premium",
    "quantity": 43,
    "revenue": 386.57,
    "category": "Appetizers"
  },
  {
    "date": "2026-01-02",
    "item_name": "Quesadilla de Queso",
    "quantity": 77,
    "revenue": 615.23,
    "category": "Quesadillas"
  },
  {
    "date": "2026-01-02",
    "item_name": "Arroz con Pollo",
    "quantity": 50,
    "revenue": 749.5,
    "category": "Main Courses"
  },
  {
    "date": "2026-01-02",
    "item_name": "Nachos Supreme",
    "quantity": 38,
    "revenue": 455.62,
    "category": "Appetizers"
  },
  {
    "date": "2026-01-02",
    "item_name": "Birria Tacos",
    "quantity": 15,
    "revenue": 239.85,
    "category": "Tacos"
  },
  {
    "date": "2026-01-02",
    "item_name": "Elote Callejero",
    "quantity": 26,
    "revenue": 155.74,
    "category": "Sides"
  },
  {
    "date": "2026-01-02",
    "item_name": "Ensalada Verde",
    "quantity": 8,
    "revenue": 55.92,
    "category": "Salads"
  },
  {
    "date": "2026-01-02",
    "item_name": "Sopa de Tortilla",
    "quantity": 10,
    "revenue": 59.9,
    "category": "Soups"
  },
  {
    "date": "2026-01-02",
    "item_name": "Flan",
    "quantity": 9,
    "revenue": 44.91,
    "category": "Desserts"
  },
  {
    "date": "2026-01-03",
    "item_name": "Tacos al Pastor",
    "quantity": 58,
    "revenue": 753.42,
    "category": "Tacos"
  },
  {
    "date": "2026-01-03",
    "item_name": "Guacamole Premium",
    "quantity": 34,
    "revenue": 305.66,
    "category": "Appetizers"
  },
  {
    "date": "2026-01-03",
    "item_name": "Quesadilla de Queso",
    "quantity": 66,
    "revenue": 527.34,
    "category": "Quesadillas"
  },
  {
    "date": "2026-01-03",
    "item_name": "Arroz con Pollo",
    "quantity": 46,
    "revenue": 689.54,
    "category": "Main Courses"
  },
  {
    "date": "2026-01-03",
    "item_name": "Nachos Supreme",
    "quantity": 31,
    "revenue": 371.69,
    "category": "Appetizers"
  },
  {
    "date": "2026-01-03",
    "item_name": "Birria Tacos",
    "quantity": 12,
    "revenue": 191.88,
    "category": "Tacos"
  },
  {
    "date": "2026-01-03",
    "item_name": "Elote Callejero",
    "quantity": 14,
    "revenue": 83.86,
    "category": "Sides"
  },
  {
    "date": "2026-01-03",
    "item_name": "Ensalada Verde",
    "quantity": 5,
    "revenue": 34.95,
    "category": "Salads"
  },
  {
    "date": "2026-01-03",
    "item_name": "Sopa de Tortilla",
    "quantity": 11,
    "revenue": 65.89,
    "category": "Soups"
  },
  {
    "date": "2026-01-03",
    "item_name": "Flan",
    "quantity": 9,
    "revenue": 44.91,
    "category": "Desserts"
  },
  {
    "date": "2026-01-04",
    "item_name": "Tacos al Pastor",
    "quantity": 44,
    "revenue": 571.56,
    "category": "Tacos"
  },
  {
    "date": "2026-01-04",
    "item_name": "Guacamole Premium",
    "quantity": 42,
    "revenue": 377.58,
    "category": "Appetizers"
  },
  {
    "date": "2026-01-04",
    "item_name": "Quesadilla de Queso",
    "quantity": 56,
    "revenue": 447.44,
    "category": "Quesadillas"
  },
  {
    "date": "2026-01-04",
    "item_name": "Arroz con Pollo",
    "quantity": 60,
    "revenue": 899.4,
    "category": "Main Courses"
  },
  {
    "date": "2026-01-04",
    "item_name": "Nachos Supreme",
    "quantity": 30,
    "revenue": 359.7,
    "category": "Appetizers"
  },
  {
    "date": "2026-01-04",
    "item_name": "Birria Tacos",
    "quantity": 13,
    "revenue": 207.87,
    "category": "Tacos"
  },
  {
    "date": "2026-01-04",
    "item_name": "Elote Callejero",
    "quantity": 16,
    "revenue": 95.84,
    "category": "Sides"
  },
  {
    "date": "2026-01-04",
    "item_name": "Ensalada Verde",
    "quantity": 8,
    "revenue": 55.92,
    "category": "Salads"
  },
  {
    "date": "2026-01-04",
    "item_name": "Sopa de Tortilla",
    "quantity": 13,
    "revenue": 77.87,
    "category": "Soups"
  },
  {
    "date": "2026-01-04",
    "item_name": "Flan",
    "quantity": 9,
    "revenue": 44.91,
    "category": "Desserts"
  },
  {
    "date": "2026-01-05",
    "item_name": "Tacos al Pastor",
    "quantity": 38,
    "revenue": 493.62,
    "category": "Tacos"
  },
  {
    "date": "2026-01-05",
    "item_name": "Guacamole Premium",
    "quantity": 33,
    "revenue": 296.67,
    "category": "Appetizers"
  },
  {
    "date": "2026-01-05",
    "item_name": "Quesadilla de Queso",
    "quantity": 38,
    "revenue": 303.62,
    "category": "Quesadillas"
  },
  {
    "date": "2026-01-05",
    "item_name": "Arroz con Pollo",
    "quantity": 51,
    "revenue": 764.49,
    "category": "Main Courses"
  },
  {
    "date": "2026-01-05",
    "item_name": "Nachos Supreme",
    "quantity": 31,
    "revenue": 371.69,
    "category": "Appetizers"
  },
  {
    "date": "2026-01-05",
    "item_name": "Birria Tacos",
    "quantity": 8,
    "revenue": 127.92,
    "category": "Tacos"
  },
  {
    "date": "2026-01-05",
    "item_name": "Elote Callejero",
    "quantity": 15,
    "revenue": 89.85,
    "category": "Sides"
  },
  {
    "date": "2026-01-05",
    "item_name": "Ensalada Verde",
    "quantity": 4,
    "revenue": 27.96,
    "category": "Salads"
  },
  {
    "date": "2026-01-05",
    "item_name": "Sopa de Tortilla",
    "quantity": 8,
    "revenue": 47.92,
    "category": "Soups"
  },
  {
    "date": "2026-01-05",
    "item_name": "Flan",
    "quantity": 4,
    "revenue": 19.96,
    "category": "Desserts"
  },
  {
    "date": "2026-01-06",
    "item_name": "Tacos al Pastor",
    "quantity": 46,
    "revenue": 597.54,
    "category": "Tacos"
  },
  {
    "date": "2026-01-06",
    "item_name": "Guacamole Premium",
    "quantity": 27,
    "revenue": 242.73,
    "category": "Appetizers"
  },
  {
    "date": "2026-01-06",
    "item_name": "Quesadilla de Queso",
    "quantity": 63,
    "revenue": 503.37,
    "category": "Quesadillas"
  },
  {
    "date": "2026-01-06",
    "item_name": "Arroz con Pollo",
    "quantity": 47,
    "revenue": 704.53,
    "category": "Main Courses"
  },
  {
    "date": "2026-01-06",
    "item_name": "Nachos Supreme",
    "quantity": 26,
    "revenue": 311.74,
    "category": "Appetizers"
  },
  {
    "date": "2026-01-06",
    "item_name": "Birria Tacos",
    "quantity": 10,
    "revenue": 159.9,
    "category": "Tacos"
  },
  {
    "date": "2026-01-06",
    "item_name": "Elote Callejero",
    "quantity": 20,
    "revenue": 119.8,
    "category": "Sides"
  },
  {
    "date": "2026-01-06",
    "item_name": "Ensalada Verde",
    "quantity": 5,
    "revenue": 34.95,
    "category": "Salads"
  },
  {
    "date": "2026-01-06",
    "item_name": "Sopa de Tortilla",
    "quantity": 10,
    "revenue": 59.9,
    "category": "Soups"
  },
  {
    "date": "2026-01-06",
    "item_name": "Flan",
    "quantity": 7,
    "revenue": 34.93,
    "category": "Desserts"
  },
  {
    "date": "2026-01-07",
    "item_name": "Tacos al Pastor",
    "quantity": 45,
    "revenue": 584.55,
    "category": "Tacos"
  },
  {
    "date": "2026-01-07",
    "item_name": "Guacamole Premium",
    "quantity": 28,
    "revenue": 251.72,
    "category": "Appetizers"
  },
  {
    "date": "2026-01-07",
    "item_name": "Quesadilla de Queso",
    "quantity": 50,
    "revenue": 399.5,
    "category": "Quesadillas"
  },
  {
    "date": "2026-01-07",
    "item_name": "Arroz con Pollo",
    "quantity": 36,
    "revenue": 539.64,
    "category": "Main Courses"
  },
  {
    "date": "2026-01-07",
    "item_name": "Nachos Supreme",
    "quantity": 19,
    "revenue": 227.81,
    "category": "Appetizers"
  },
  {
    "date": "2026-01-07",
    "item_name": "Birria Tacos",
    "quantity": 12,
    "revenue": 191.88,
    "category": "Tacos"
  },
  {
    "date": "2026-01-07",
    "item_name": "Elote Callejero",
    "quantity": 19,
    "revenue": 113.81,
    "category": "Sides"
  },
  {
    "date": "2026-01-07",
    "item_name": "Ensalada Verde",
    "quantity": 7,
    "revenue": 48.93,
    "category": "Salads"
  },
  {
    "date": "2026-01-07",
    "item_name": "Sopa de Tortilla",
    "quantity": 10,
    "revenue": 59.9,
    "category": "Soups"
  },
  {
    "date": "2026-01-07",
    "item_name": "Flan",
    "quantity": 6,
    "revenue": 29.94,
    "category": "Desserts"
  },
  {
    "date": "2026-01-08",
    "item_name": "Tacos al Pastor",
    "quantity": 48,
    "revenue": 623.52,
    "category": "Tacos"
  },
  {
    "date": "2026-01-08",
    "item_name": "Guacamole Premium",
    "quantity": 39,
    "revenue": 350.61,
    "category": "Appetizers"
  },
  {
    "date": "2026-01-08",
    "item_name": "Quesadilla de Queso",
    "quantity": 57,
    "revenue": 455.43,
    "category": "Quesadillas"
  },
  {
    "date": "2026-01-08",
    "item_name": "Arroz con Pollo",
    "quantity": 35,
    "revenue": 524.65,
    "category": "Main Courses"
  },
  {
    "date": "2026-01-08",
    "item_name": "Nachos Supreme",
    "quantity": 26,
    "revenue": 311.74,
    "category": "Appetizers"
  },
  {
    "date": "2026-01-08",
    "item_name": "Birria Tacos",
    "quantity": 11,
    "revenue": 175.89,
    "category": "Tacos"
  },
  {
    "date": "2026-01-08",
    "item_name": "Elote Callejero",
    "quantity": 13,
    "revenue": 77.87,
    "category": "Sides"
  },
  {
    "date": "2026-01-08",
    "item_name": "Ensalada Verde",
    "quantity": 5,
    "revenue": 34.95,
    "category": "Salads"
  },
  {
    "date": "2026-01-08",
    "item_name": "Sopa de Tortilla",
    "quantity": 6,
    "revenue": 35.94,
    "category": "Soups"
  },
  {
    "date": "2026-01-08",
    "item_name": "Flan",
    "quantity": 6,
    "revenue": 29.94,
    "category": "Desserts"
  },
  {
    "date": "2026-01-09",
    "item_name": "Tacos al Pastor",
    "quantity": 56,
    "revenue": 727.44,
    "category": "Tacos"
  },
  {
    "date": "2026-01-09",
    "item_name": "Guacamole Premium",
    "quantity": 31,
    "revenue": 278.69,
    "category": "Appetizers"
  },
  {
    "date": "2026-01-09",
    "item_name": "Quesadilla de Queso",
    "quantity": 80,
    "revenue": 639.2,
    "category": "Quesadillas"
  },
  {
    "date": "2026-01-09",
    "item_name": "Arroz con Pollo",
    "quantity": 57,
    "revenue": 854.43,
    "category": "Main Courses"
  },
  {
    "date": "2026-01-09",
    "item_name": "Nachos Supreme",
    "quantity": 26,
    "revenue": 311.74,
    "category": "Appetizers"
  },
  {
    "date": "2026-01-09",
    "item_name": "Birria Tacos",
    "quantity": 8,
    "revenue": 127.92,
    "category": "Tacos"
  },
  {
    "date": "2026-01-09",
    "item_name": "Elote Callejero",
    "quantity": 25,
    "revenue": 149.75,
    "category": "Sides"
  },
  {
    "date": "2026-01-09",
    "item_name": "Ensalada Verde",
    "quantity": 6,
    "revenue": 41.94,
    "category": "Salads"
  },
  {
    "date": "2026-01-09",
    "item_name": "Sopa de Tortilla",
    "quantity": 13,
    "revenue": 77.87,
    "category": "Soups"
  },
  {
    "date": "2026-01-09",
    "item_name": "Flan",
    "quantity": 9,
    "revenue": 44.91,
    "category": "Desserts"
  },
  {
    "date": "2026-01-10",
    "item_name": "Tacos al Pastor",
    "quantity": 41,
    "revenue": 532.59,
    "category": "Tacos"
  },
  {
    "date": "2026-01-10",
    "item_name": "Guacamole Premium",
    "quantity": 45,
    "revenue": 404.55,
    "category": "Appetizers"
  },
  {
    "date": "2026-01-10",
    "item_name": "Quesadilla de Queso",
    "quantity": 45,
    "revenue": 359.55,
    "category": "Quesadillas"
  },
  {
    "date": "2026-01-10",
    "item_name": "Arroz con Pollo",
    "quantity": 54,
    "revenue": 809.46,
    "category": "Main Courses"
  },
  {
    "date": "2026-01-10",
    "item_name": "Nachos Supreme",
    "quantity": 30,
    "revenue": 359.7,
    "category": "Appetizers"
  },
  {
    "date": "2026-01-10",
    "item_name": "Birria Tacos",
    "quantity": 8,
    "revenue": 127.92,
    "category": "Tacos"
  },
  {
    "date": "2026-01-10",
    "item_name": "Elote Callejero",
    "quantity": 26,
    "revenue": 155.74,
    "category": "Sides"
  },
  {
    "date": "2026-01-10",
    "item_name": "Ensalada Verde",
    "quantity": 6,
    "revenue": 41.94,
    "category": "Salads"
  },
  {
    "date": "2026-01-10",
    "item_name": "Sopa de Tortilla",
    "quantity": 11,
    "revenue": 65.89,
    "category": "Soups"
  },
  {
    "date": "2026-01-10",
    "item_name": "Flan",
    "quantity": 6,
    "revenue": 29.94,
    "category": "Desserts"
  },
  {
    "date": "2026-01-11",
    "item_name": "Tacos al Pastor",
    "quantity": 38,
    "revenue": 493.62,
    "category": "Tacos"
  },
  {
    "date": "2026-01-11",
    "item_name": "Guacamole Premium",
    "quantity": 31,
    "revenue": 278.69,
    "category": "Appetizers"
  },
  {
    "date": "2026-01-11",
    "item_name": "Quesadilla de Queso",
    "quantity": 47,
    "revenue": 375.53,
    "category": "Quesadillas"
  },
  {
    "date": "2026-01-11",
    "item_name": "Arroz con Pollo",
    "quantity": 41,
    "revenue": 614.59,
    "category": "Main Courses"
  },
  {
    "date": "2026-01-11",
    "item_name": "Nachos Supreme",
    "quantity": 31,
    "revenue": 371.69,
    "category": "Appetizers"
  },
  {
    "date": "2026-01-11",
    "item_name": "Birria Tacos",
    "quantity": 14,
    "revenue": 223.86,
    "category": "Tacos"
  },
  {
    "date": "2026-01-11",
    "item_name": "Elote Callejero",
    "quantity": 24,
    "revenue": 143.76,
    "category": "Sides"
  },
  {
    "date": "2026-01-11",
    "item_name": "Ensalada Verde",
    "quantity": 7,
    "revenue": 48.93,
    "category": "Salads"
  },
  {
    "date": "2026-01-11",
    "item_name": "Sopa de Tortilla",
    "quantity": 11,
    "revenue": 65.89,
    "category": "Soups"
  },
  {
    "date": "2026-01-11",
    "item_name": "Flan",
    "quantity": 8,
    "revenue": 39.92,
    "category": "Desserts"
  },
  {
    "date": "2026-01-12",
    "item_name": "Tacos al Pastor",
    "quantity": 37,
    "revenue": 480.63,
    "category": "Tacos"
  },
  {
    "date": "2026-01-12",
    "item_name": "Guacamole Premium",
    "quantity": 39,
    "revenue": 350.61,
    "category": "Appetizers"
  },
  {
    "date": "2026-01-12",
    "item_name": "Quesadilla de Queso",
    "quantity": 48,
    "revenue": 383.52,
    "category": "Quesadillas"
  },
  {
    "date": "2026-01-12",
    "item_name": "Arroz con Pollo",
    "quantity": 28,
    "revenue": 419.72,
    "category": "Main Courses"
  },
  {
    "date": "2026-01-12",
    "item_name": "Nachos Supreme",
    "quantity": 23,
    "revenue": 275.77,
    "category": "Appetizers"
  },
  {
    "date": "2026-01-12",
    "item_name": "Birria Tacos",
    "quantity": 10,
    "revenue": 159.9,
    "category": "Tacos"
  },
  {
    "date": "2026-01-12",
    "item_name": "Elote Callejero",
    "quantity": 16,
    "revenue": 95.84,
    "category": "Sides"
  },
  {
    "date": "2026-01-12",
    "item_name": "Ensalada Verde",
    "quantity": 5,
    "revenue": 34.95,
    "category": "Salads"
  },
  {
    "date": "2026-01-12",
    "item_name": "Sopa de Tortilla",
    "quantity": 7,
    "revenue": 41.93,
    "category": "Soups"
  },
  {
    "date": "2026-01-12",
    "item_name": "Flan",
    "quantity": 6,
    "revenue": 29.94,
    "category": "Desserts"
  },
  {
    "date": "2026-01-13",
    "item_name": "Tacos al Pastor",
    "quantity": 44,
    "revenue": 571.56,
    "category": "Tacos"
  },
  {
    "date": "2026-01-13",
    "item_name": "Guacamole Premium",
    "quantity": 25,
    "revenue": 224.75,
    "category": "Appetizers"
  },
  {
    "date": "2026-01-13",
    "item_name": "Quesadilla de Queso",
    "quantity": 40,
    "revenue": 319.6,
    "category": "Quesadillas"
  },
  {
    "date": "2026-01-13",
    "item_name": "Arroz con Pollo",
    "quantity": 28,
    "revenue": 419.72,
    "category": "Main Courses"
  },
  {
    "date": "2026-01-13",
    "item_name": "Nachos Supreme",
    "quantity": 32,
    "revenue": 383.68,
    "category": "Appetizers"
  },
  {
    "date": "2026-01-13",
    "item_name": "Birria Tacos",
    "quantity": 8,
    "revenue": 127.92,
    "category": "Tacos"
  },
  {
    "date": "2026-01-13",
    "item_name": "Elote Callejero",
    "quantity": 19,
    "revenue": 113.81,
    "category": "Sides"
  },
  {
    "date": "2026-01-13",
    "item_name": "Ensalada Verde",
    "quantity": 7,
    "revenue": 48.93,
    "category": "Salads"
  },
  {
    "date": "2026-01-13",
    "item_name": "Sopa de Tortilla",
    "quantity": 5,
    "revenue": 29.95,
    "category": "Soups"
  },
  {
    "date": "2026-01-13",
    "item_name": "Flan",
    "quantity": 4,
    "revenue": 19.96,
    "category": "Desserts"
  },
  {
    "date": "2026-01-14",
    "item_name": "Tacos al Pastor",
    "quantity": 36,
    "revenue": 467.64,
    "category": "Tacos"
  },
  {
    "date": "2026-01-14",
    "item_name": "Guacamole Premium",
    "quantity": 34,
    "revenue": 305.66,
    "category": "Appetizers"
  },
  {
    "date": "2026-01-14",
    "item_name": "Quesadilla de Queso",
    "quantity": 58,
    "revenue": 463.42,
    "category": "Quesadillas"
  },
  {
    "date": "2026-01-14",
    "item_name": "Arroz con Pollo",
    "quantity": 46,
    "revenue": 689.54,
    "category": "Main Courses"
  },
  {
    "date": "2026-01-14",
    "item_name": "Nachos Supreme",
    "quantity": 26,
    "revenue": 311.74,
    "category": "Appetizers"
  },
  {
    "date": "2026-01-14",
    "item_name": "Birria Tacos",
    "quantity": 9,
    "revenue": 143.91,
    "category": "Tacos"
  },
  {
    "date": "2026-01-14",
    "item_name": "Elote Callejero",
    "quantity": 15,
    "revenue": 89.85,
    "category": "Sides"
  },
  {
    "date": "2026-01-14",
    "item_name": "Ensalada Verde",
    "quantity": 4,
    "revenue": 27.96,
    "category": "Salads"
  },
  {
    "date": "2026-01-14",
    "item_name": "Sopa de Tortilla",
    "quantity": 7,
    "revenue": 41.93,
    "category": "Soups"
  },
  {
    "date": "2026-01-14",
    "item_name": "Flan",
    "quantity": 4,
    "revenue": 19.96,
    "category": "Desserts"
  },
  {
    "date": "2026-01-15",
    "item_name": "Tacos al Pastor",
    "quantity": 44,
    "revenue": 571.56,
    "category": "Tacos"
  },
  {
    "date": "2026-01-15",
    "item_name": "Guacamole Premium",
    "quantity": 31,
    "revenue": 278.69,
    "category": "Appetizers"
  },
  {
    "date": "2026-01-15",
    "item_name": "Quesadilla de Queso",
    "quantity": 49,
    "revenue": 391.51,
    "category": "Quesadillas"
  },
  {
    "date": "2026-01-15",
    "item_name": "Arroz con Pollo",
    "quantity": 28,
    "revenue": 419.72,
    "category": "Main Courses"
  },
  {
    "date": "2026-01-15",
    "item_name": "Nachos Supreme",
    "quantity": 19,
    "revenue": 227.81,
    "category": "Appetizers"
  },
  {
    "date": "2026-01-15",
    "item_name": "Birria Tacos",
    "quantity": 11,
    "revenue": 175.89,
    "category": "Tacos"
  },
  {
    "date": "2026-01-15",
    "item_name": "Elote Callejero",
    "quantity": 19,
    "revenue": 113.81,
    "category": "Sides"
  },
  {
    "date": "2026-01-15",
    "item_name": "Ensalada Verde",
    "quantity": 4,
    "revenue": 27.96,
    "category": "Salads"
  },
  {
    "date": "2026-01-15",
    "item_name": "Sopa de Tortilla",
    "quantity": 9,
    "revenue": 53.91,
    "category": "Soups"
  },
  {
    "date": "2026-01-15",
    "item_name": "Flan",
    "quantity": 5,
    "revenue": 24.95,
    "category": "Desserts"
  },
  {
    "date": "2026-01-16",
    "item_name": "Tacos al Pastor",
    "quantity": 40,
    "revenue": 519.6,
    "category": "Tacos"
  },
  {
    "date": "2026-01-16",
    "item_name": "Guacamole Premium",
    "quantity": 48,
    "revenue": 431.52,
    "category": "Appetizers"
  },
  {
    "date": "2026-01-16",
    "item_name": "Quesadilla de Queso",
    "quantity": 79,
    "revenue": 631.21,
    "category": "Quesadillas"
  },
  {
    "date": "2026-01-16",
    "item_name": "Arroz con Pollo",
    "quantity": 56,
    "revenue": 839.44,
    "category": "Main Courses"
  },
  {
    "date": "2026-01-16",
    "item_name": "Nachos Supreme",
    "quantity": 38,
    "revenue": 455.62,
    "category": "Appetizers"
  },
  {
    "date": "2026-01-16",
    "item_name": "Birria Tacos",
    "quantity": 12,
    "revenue": 191.88,
    "category": "Tacos"
  },
  {
    "date": "2026-01-16",
    "item_name": "Elote Callejero",
    "quantity": 22,
    "revenue": 131.78,
    "category": "Sides"
  },
  {
    "date": "2026-01-16",
    "item_name": "Ensalada Verde",
    "quantity": 7,
    "revenue": 48.93,
    "category": "Salads"
  },
  {
    "date": "2026-01-16",
    "item_name": "Sopa de Tortilla",
    "quantity": 7,
    "revenue": 41.93,
    "category": "Soups"
  },
  {
    "date": "2026-01-16",
    "item_name": "Flan",
    "quantity": 9,
    "revenue": 44.91,
    "category": "Desserts"
  },
  {
    "date": "2026-01-17",
    "item_name": "Tacos al Pastor",
    "quantity": 39,
    "revenue": 506.61,
    "category": "Tacos"
  },
  {
    "date": "2026-01-17",
    "item_name": "Guacamole Premium",
    "quantity": 51,
    "revenue": 458.49,
    "category": "Appetizers"
  },
  {
    "date": "2026-01-17",
    "item_name": "Quesadilla de Queso",
    "quantity": 57,
    "revenue": 455.43,
    "category": "Quesadillas"
  },
  {
    "date": "2026-01-17",
    "item_name": "Arroz con Pollo",
    "quantity": 42,
    "revenue": 629.58,
    "category": "Main Courses"
  },
  {
    "date": "2026-01-17",
    "item_name": "Nachos Supreme",
    "quantity": 36,
    "revenue": 431.64,
    "category": "Appetizers"
  },
  {
    "date": "2026-01-17",
    "item_name": "Birria Tacos",
    "quantity": 8,
    "revenue": 127.92,
    "category": "Tacos"
  },
  {
    "date": "2026-01-17",
    "item_name": "Elote Callejero",
    "quantity": 25,
    "revenue": 149.75,
    "category": "Sides"
  },
  {
    "date": "2026-01-17",
    "item_name": "Ensalada Verde",
    "quantity": 7,
    "revenue": 48.93,
    "category": "Salads"
  },
  {
    "date": "2026-01-17",
    "item_name": "Sopa de Tortilla",
    "quantity": 7,
    "revenue": 41.93,
    "category": "Soups"
  },
  {
    "date": "2026-01-17",
    "item_name": "Flan",
    "quantity": 8,
    "revenue": 39.92,
    "category": "Desserts"
  },
  {
    "date": "2026-01-18",
    "item_name": "Tacos al Pastor",
    "quantity": 60,
    "revenue": 779.4,
    "category": "Tacos"
  },
  {
    "date": "2026-01-18",
    "item_name": "Guacamole Premium",
    "quantity": 48,
    "revenue": 431.52,
    "category": "Appetizers"
  },
  {
    "date": "2026-01-18",
    "item_name": "Quesadilla de Queso",
    "quantity": 66,
    "revenue": 527.34,
    "category": "Quesadillas"
  },
  {
    "date": "2026-01-18",
    "item_name": "Arroz con Pollo",
    "quantity": 67,
    "revenue": 1004.33,
    "category": "Main Courses"
  },
  {
    "date": "2026-01-18",
    "item_name": "Nachos Supreme",
    "quantity": 37,
    "revenue": 443.63,
    "category": "Appetizers"
  },
  {
    "date": "2026-01-18",
    "item_name": "Birria Tacos",
    "quantity": 8,
    "revenue": 127.92,
    "category": "Tacos"
  },
  {
    "date": "2026-01-18",
    "item_name": "Elote Callejero",
    "quantity": 22,
    "revenue": 131.78,
    "category": "Sides"
  },
  {
    "date": "2026-01-18",
    "item_name": "Ensalada Verde",
    "quantity": 8,
    "revenue": 55.92,
    "category": "Salads"
  },
  {
    "date": "2026-01-18",
    "item_name": "Sopa de Tortilla",
    "quantity": 12,
    "revenue": 71.88,
    "category": "Soups"
  },
  {
    "date": "2026-01-18",
    "item_name": "Flan",
    "quantity": 9,
    "revenue": 44.91,
    "category": "Desserts"
  },
  {
    "date": "2026-01-19",
    "item_name": "Tacos al Pastor",
    "quantity": 48,
    "revenue": 623.52,
    "category": "Tacos"
  },
  {
    "date": "2026-01-19",
    "item_name": "Guacamole Premium",
    "quantity": 28,
    "revenue": 251.72,
    "category": "Appetizers"
  },
  {
    "date": "2026-01-19",
    "item_name": "Quesadilla de Queso",
    "quantity": 37,
    "revenue": 295.63,
    "category": "Quesadillas"
  },
  {
    "date": "2026-01-19",
    "item_name": "Arroz con Pollo",
    "quantity": 28,
    "revenue": 419.72,
    "category": "Main Courses"
  },
  {
    "date": "2026-01-19",
    "item_name": "Nachos Supreme",
    "quantity": 26,
    "revenue": 311.74,
    "category": "Appetizers"
  },
  {
    "date": "2026-01-19",
    "item_name": "Birria Tacos",
    "quantity": 12,
    "revenue": 191.88,
    "category": "Tacos"
  },
  {
    "date": "2026-01-19",
    "item_name": "Elote Callejero",
    "quantity": 14,
    "revenue": 83.86,
    "category": "Sides"
  },
  {
    "date": "2026-01-19",
    "item_name": "Ensalada Verde",
    "quantity": 5,
    "revenue": 34.95,
    "category": "Salads"
  },
  {
    "date": "2026-01-19",
    "item_name": "Sopa de Tortilla",
    "quantity": 6,
    "revenue": 35.94,
    "category": "Soups"
  },
  {
    "date": "2026-01-19",
    "item_name": "Flan",
    "quantity": 5,
    "revenue": 24.95,
    "category": "Desserts"
  },
  {
    "date": "2026-01-20",
    "item_name": "Tacos al Pastor",
    "quantity": 38,
    "revenue": 493.62,
    "category": "Tacos"
  },
  {
    "date": "2026-01-20",
    "item_name": "Guacamole Premium",
    "quantity": 40,
    "revenue": 359.6,
    "category": "Appetizers"
  },
  {
    "date": "2026-01-20",
    "item_name": "Quesadilla de Queso",
    "quantity": 57,
    "revenue": 455.43,
    "category": "Quesadillas"
  },
  {
    "date": "2026-01-20",
    "item_name": "Arroz con Pollo",
    "quantity": 51,
    "revenue": 764.49,
    "category": "Main Courses"
  },
  {
    "date": "2026-01-20",
    "item_name": "Nachos Supreme",
    "quantity": 23,
    "revenue": 275.77,
    "category": "Appetizers"
  },
  {
    "date": "2026-01-20",
    "item_name": "Birria Tacos",
    "quantity": 7,
    "revenue": 111.93,
    "category": "Tacos"
  },
  {
    "date": "2026-01-20",
    "item_name": "Elote Callejero",
    "quantity": 17,
    "revenue": 101.83,
    "category": "Sides"
  },
  {
    "date": "2026-01-20",
    "item_name": "Ensalada Verde",
    "quantity": 5,
    "revenue": 34.95,
    "category": "Salads"
  },
  {
    "date": "2026-01-20",
    "item_name": "Sopa de Tortilla",
    "quantity": 10,
    "revenue": 59.9,
    "category": "Soups"
  },
  {
    "date": "2026-01-20",
    "item_name": "Flan",
    "quantity": 7,
    "revenue": 34.93,
    "category": "Desserts"
  },
  {
    "date": "2026-01-21",
    "item_name": "Tacos al Pastor",
    "quantity": 46,
    "revenue": 597.54,
    "category": "Tacos"
  },
  {
    "date": "2026-01-21",
    "item_name": "Guacamole Premium",
    "quantity": 38,
    "revenue": 341.62,
    "category": "Appetizers"
  },
  {
    "date": "2026-01-21",
    "item_name": "Quesadilla de Queso",
    "quantity": 43,
    "revenue": 343.57,
    "category": "Quesadillas"
  },
  {
    "date": "2026-01-21",
    "item_name": "Arroz con Pollo",
    "quantity": 44,
    "revenue": 659.56,
    "category": "Main Courses"
  },
  {
    "date": "2026-01-21",
    "item_name": "Nachos Supreme",
    "quantity": 26,
    "revenue": 311.74,
    "category": "Appetizers"
  },
  {
    "date": "2026-01-21",
    "item_name": "Birria Tacos",
    "quantity": 9,
    "revenue": 143.91,
    "category": "Tacos"
  },
  {
    "date": "2026-01-21",
    "item_name": "Elote Callejero",
    "quantity": 17,
    "revenue": 101.83,
    "category": "Sides"
  },
  {
    "date": "2026-01-21",
    "item_name": "Ensalada Verde",
    "quantity": 5,
    "revenue": 34.95,
    "category": "Salads"
  },
  {
    "date": "2026-01-21",
    "item_name": "Sopa de Tortilla",
    "quantity": 8,
    "revenue": 47.92,
    "category": "Soups"
  },
  {
    "date": "2026-01-21",
    "item_name": "Flan",
    "quantity": 7,
    "revenue": 34.93,
    "category": "Desserts"
  },
  {
    "date": "2026-01-22",
    "item_name": "Tacos al Pastor",
    "quantity": 48,
    "revenue": 623.52,
    "category": "Tacos"
  },
  {
    "date": "2026-01-22",
    "item_name": "Guacamole Premium",
    "quantity": 36,
    "revenue": 323.64,
    "category": "Appetizers"
  },
  {
    "date": "2026-01-22",
    "item_name": "Quesadilla de Queso",
    "quantity": 55,
    "revenue": 439.45,
    "category": "Quesadillas"
  },
  {
    "date": "2026-01-22",
    "item_name": "Arroz con Pollo",
    "quantity": 31,
    "revenue": 464.69,
    "category": "Main Courses"
  },
  {
    "date": "2026-01-22",
    "item_name": "Nachos Supreme",
    "quantity": 33,
    "revenue": 395.67,
    "category": "Appetizers"
  },
  {
    "date": "2026-01-22",
    "item_name": "Birria Tacos",
    "quantity": 8,
    "revenue": 127.92,
    "category": "Tacos"
  },
  {
    "date": "2026-01-22",
    "item_name": "Elote Callejero",
    "quantity": 16,
    "revenue": 95.84,
    "category": "Sides"
  },
  {
    "date": "2026-01-22",
    "item_name": "Ensalada Verde",
    "quantity": 5,
    "revenue": 34.95,
    "category": "Salads"
  },
  {
    "date": "2026-01-22",
    "item_name": "Sopa de Tortilla",
    "quantity": 9,
    "revenue": 53.91,
    "category": "Soups"
  },
  {
    "date": "2026-01-22",
    "item_name": "Flan",
    "quantity": 7,
    "revenue": 34.93,
    "category": "Desserts"
  },
  {
    "date": "2026-01-23",
    "item_name": "Tacos al Pastor",
    "quantity": 62,
    "revenue": 805.38,
    "category": "Tacos"
  },
  {
    "date": "2026-01-23",
    "item_name": "Guacamole Premium",
    "quantity": 46,
    "revenue": 413.54,
    "category": "Appetizers"
  },
  {
    "date": "2026-01-23",
    "item_name": "Quesadilla de Queso",
    "quantity": 66,
    "revenue": 527.34,
    "category": "Quesadillas"
  },
  {
    "date": "2026-01-23",
    "item_name": "Arroz con Pollo",
    "quantity": 62,
    "revenue": 929.38,
    "category": "Main Courses"
  },
  {
    "date": "2026-01-23",
    "item_name": "Nachos Supreme",
    "quantity": 40,
    "revenue": 479.6,
    "category": "Appetizers"
  },
  {
    "date": "2026-01-23",
    "item_name": "Birria Tacos",
    "quantity": 14,
    "revenue": 223.86,
    "category": "Tacos"
  },
  {
    "date": "2026-01-23",
    "item_name": "Elote Callejero",
    "quantity": 25,
    "revenue": 149.75,
    "category": "Sides"
  },
  {
    "date": "2026-01-23",
    "item_name": "Ensalada Verde",
    "quantity": 6,
    "revenue": 41.94,
    "category": "Salads"
  },
  {
    "date": "2026-01-23",
    "item_name": "Sopa de Tortilla",
    "quantity": 7,
    "revenue": 41.93,
    "category": "Soups"
  },
  {
    "date": "2026-01-23",
    "item_name": "Flan",
    "quantity": 7,
    "revenue": 34.93,
    "category": "Desserts"
  },
  {
    "date": "2026-01-24",
    "item_name": "Tacos al Pastor",
    "quantity": 55,
    "revenue": 714.45,
    "category": "Tacos"
  },
  {
    "date": "2026-01-24",
    "item_name": "Guacamole Premium",
    "quantity": 40,
    "revenue": 359.6,
    "category": "Appetizers"
  },
  {
    "date": "2026-01-24",
    "item_name": "Quesadilla de Queso",
    "quantity": 58,
    "revenue": 463.42,
    "category": "Quesadillas"
  },
  {
    "date": "2026-01-24",
    "item_name": "Arroz con Pollo",
    "quantity": 38,
    "revenue": 569.62,
    "category": "Main Courses"
  },
  {
    "date": "2026-01-24",
    "item_name": "Nachos Supreme",
    "quantity": 35,
    "revenue": 419.65,
    "category": "Appetizers"
  },
  {
    "date": "2026-01-24",
    "item_name": "Birria Tacos",
    "quantity": 10,
    "revenue": 159.9,
    "category": "Tacos"
  },
  {
    "date": "2026-01-24",
    "item_name": "Elote Callejero",
    "quantity": 16,
    "revenue": 95.84,
    "category": "Sides"
  },
  {
    "date": "2026-01-24",
    "item_name": "Ensalada Verde",
    "quantity": 6,
    "revenue": 41.94,
    "category": "Salads"
  },
  {
    "date": "2026-01-24",
    "item_name": "Sopa de Tortilla",
    "quantity": 10,
    "revenue": 59.9,
    "category": "Soups"
  },
  {
    "date": "2026-01-24",
    "item_name": "Flan",
    "quantity": 8,
    "revenue": 39.92,
    "category": "Desserts"
  },
  {
    "date": "2026-01-25",
    "item_name": "Tacos al Pastor",
    "quantity": 41,
    "revenue": 532.59,
    "category": "Tacos"
  },
  {
    "date": "2026-01-25",
    "item_name": "Guacamole Premium",
    "quantity": 41,
    "revenue": 368.59,
    "category": "Appetizers"
  },
  {
    "date": "2026-01-25",
    "item_name": "Quesadilla de Queso",
    "quantity": 55,
    "revenue": 439.45,
    "category": "Quesadillas"
  },
  {
    "date": "2026-01-25",
    "item_name": "Arroz con Pollo",
    "quantity": 39,
    "revenue": 584.61,
    "category": "Main Courses"
  },
  {
    "date": "2026-01-25",
    "item_name": "Nachos Supreme",
    "quantity": 26,
    "revenue": 311.74,
    "category": "Appetizers"
  },
  {
    "date": "2026-01-25",
    "item_name": "Birria Tacos",
    "quantity": 15,
    "revenue": 239.85,
    "category": "Tacos"
  },
  {
    "date": "2026-01-25",
    "item_name": "Elote Callejero",
    "quantity": 25,
    "revenue": 149.75,
    "category": "Sides"
  },
  {
    "date": "2026-01-25",
    "item_name": "Ensalada Verde",
    "quantity": 7,
    "revenue": 48.93,
    "category": "Salads"
  },
  {
    "date": "2026-01-25",
    "item_name": "Sopa de Tortilla",
    "quantity": 9,
    "revenue": 53.91,
    "category": "Soups"
  },
  {
    "date": "2026-01-25",
    "item_name": "Flan",
    "quantity": 9,
    "revenue": 44.91,
    "category": "Desserts"
  },
  {
    "date": "2026-01-26",
    "item_name": "Tacos al Pastor",
    "quantity": 27,
    "revenue": 350.73,
    "category": "Tacos"
  },
  {
    "date": "2026-01-26",
    "item_name": "Guacamole Premium",
    "quantity": 22,
    "revenue": 197.78,
    "category": "Appetizers"
  },
  {
    "date": "2026-01-26",
    "item_name": "Quesadilla de Queso",
    "quantity": 53,
    "revenue": 423.47,
    "category": "Quesadillas"
  },
  {
    "date": "2026-01-26",
    "item_name": "Arroz con Pollo",
    "quantity": 32,
    "revenue": 479.68,
    "category": "Main Courses"
  },
  {
    "date": "2026-01-26",
    "item_name": "Nachos Supreme",
    "quantity": 22,
    "revenue": 263.78,
    "category": "Appetizers"
  },
  {
    "date": "2026-01-26",
    "item_name": "Birria Tacos",
    "quantity": 9,
    "revenue": 143.91,
    "category": "Tacos"
  },
  {
    "date": "2026-01-26",
    "item_name": "Elote Callejero",
    "quantity": 14,
    "revenue": 83.86,
    "category": "Sides"
  },
  {
    "date": "2026-01-26",
    "item_name": "Ensalada Verde",
    "quantity": 4,
    "revenue": 27.96,
    "category": "Salads"
  },
  {
    "date": "2026-01-26",
    "item_name": "Sopa de Tortilla",
    "quantity": 8,
    "revenue": 47.92,
    "category": "Soups"
  },
  {
    "date": "2026-01-26",
    "item_name": "Flan",
    "quantity": 5,
    "revenue": 24.95,
    "category": "Desserts"
  }
]